4282 6368
707 615 781 676 PER
803 615 1020 678 BOSPORUll
1045 615 1271 680 NAVIGATlO.
1579 620 1616 680 13

358 766 419 833 τῆς
431 761 649 844 aenomaus,
669 759 741 830 όποι
756 761 901 832 κατέθετο
917 769 979 830 τῶν
995 769 1113 856 ἱερειῶν
1132 767 1188 839 τὴν
1205 766 1369 860 ἁρπογιίν·
1389 772 1418 833 ol
1436 761 1471 834 tt
1491 769 1616 836 είποντο

357 887 401 966 τῷ
417 884 546 969 σημείῳ.

408 997 497 1071 XXV.
525 1005 669 1074 Κοτόπιν
683 1003 716 1073 ἀὲ
729 1015 784 1080 τῆς
797 1006 997 1102 Σημιίσίρος,
1009 1009 1119 1100 μικρὸν
1128 1006 1205 1102 ὑπὲρ
1218 1009 1272 1076 τάς
1285 1013 1346 1074 τῶν
1359 1013 1512 1093 ωοτομῶν
1526 1008 1616 1077 &16⁰-

357 1127 428 1210 λάς,
440 1128 523 1221 ἀρχὴ
540 1135 595 1202 τῆς
612 1129 664 1195 ἐπὶ
683 1129 813 1224 θάτερα
828 1134 883 1197 τοῦ
893 1129 999 1223 Κέρως
1009 1135 1233 1222 σεριαγωχῆς,
1245 1131 1409 1224 Δρέπανον
1424 1130 1617 1216 ἐπίκομπίος

319 1259 335 1309 5
356 1248 447 1342 ἀκρο.
460 1246 541 1315 Μεθ’
552 1249 589 1324 ἣν
604 1250 701 1338 λόφος
718 1240 804 1333 ὀξὺς,
816 1248 934 1345 ἀθρόως
950 1254 1120 1326 ἀποκλινάς
1138 1251 1189 1318 ἐπὶ
1208 1253 1264 1326 τάν
1281 1253 1478 1324 actaeona·
1497 1254 1617 1337 ὠνόμα-

279 1360 283 1369 ’
356 1370 426 1435 alat
450 1364 483 1437 lt
509 1370 680 1455 Βουκόλος,
704 1372 888 1467 εόχάρίσίου
911 1373 1032 1457 μνιίμης
1051 1373 1106 1440 τόν
1126 1375 1262 1456 μονντόν
1288 1364 1507 1449 ἀξιωσάντων·
1530 1372 1615 1441 ἔνθεν

356 1485 431 1557 ulain
448 1486 535 1560 louet
548 1495 602 1562 τὸν
616 1495 747 1567 κτίοόον
764 1492 863 1589 όρνιν.

406 1609 509 1681 XXVl.
538 1615 626 1683 Μετά
640 1612 673 1684 δὲ
687 1616 856 1700 Βουκόλον,
871 1612 1012 1709 Μοίνόροι
1025 1619 1076 1684 καλ
1091 1616 1186 1711 Δρῦς·
1205 1623 1236 1684 ul
1252 1618 1309 1702 μὲν
1323 1620 1415 1711 παρὰ
1431 1619 1466 1686 τό
1482 1619 1615 1710 όσόχιον

353 1742 408 1803 τοῦ
423 1738 540 1832 χωρίον
553 1737 605 1804 καὶ
618 1739 792 1807 σκετονόν·
804 1741 953 1826 θαλάτίρ
971 1740 1034 1832 γὰρ
1045 1743 1194 1826 ἀπονέμω
1207 1734 1459 1834 ωροσκλόζεται·
1473 1742 1554 1836 Δρῦς
1569 1738 1613 1827 ἀὲ,

301 1865 334 1920 10
353 1859 455 1926 ἀλσει.
476 1859 577 1927 Τοῦτο
595 1854 644 1942 δὲ,
661 1862 786 1944 τέμενος
804 1842 1007 1929 Ᾰπόλλωνος.

404 1976 523 2048 XXVll.
552 1980 722 2067 Κάμψαντι
738 1977 771 2050 ἀὲ
788 1985 845 2057 τὴν
858 1984 969 2077 ἀκρον,
987 1985 1140 2068 ἐπιμάκος
1156 1983 1274 2052 κόλπος
1290 1986 1417 2053 Atticus
1433 1984 1532 2070 όνομο
1535 2035 1611 2054 .....

352 2104 517 2172 Φιλίππου
535 2111 590 2172 τοῦ
606 2099 784 2174 Μακεδόνος
801 2107 896 2200 ἔργον
917 2111 972 2173 ἀπ’
985 2108 1163 2201 ἀμφοτέρας
1180 2114 1235 2182 τῆς
1257 2109 1386 2203 ἀπείρου
1405 2105 1527 2196 ζεῦγμα
1549 2106 1614 2177 δια-

353 2226 525 2294 τείνοντος·
545 2224 735 2295 κατοὲιίλλει
753 2221 786 2295 tt
805 2233 849 2295 είς
865 2229 920 2293 τὸν
937 2227 1034 2311 βυθὸν
1050 2229 1169 2323 ἕρματα
1189 2227 1283 2296 λίθων
1301 2231 1351 2297 καλ
1371 2236 1463 2318 χῶμα
1485 2235 1611 2316 manut-

351 2347 455 2436 γεθες,
477 2353 512 2416 ἐκ
525 2349 733 2444 σολυχειρίας
744 2354 785 2418 ὠς
796 2351 864 2438 ἔχοι
877 2348 1109 2445 γεφυρωθέντος
1126 2356 1208 2439 αὐτῷ
1224 2357 1280 2420 τοῦ
1293 2352 1432 2447 Κόρατος
1451 2354 1531 2420 κατὰ
1551 2363 1612 2441 γῆν

299 2480 330 2532 15
351 2471 498 2560 ἀφθόνοις
512 2471 649 2565 χρῆσθαι
662 2477 728 2540 τοῖς
740 2477 933 2560 ἐπαγωγοῖς
949 2477 982 2539 ἐν
997 2472 1061 2567 γάρ
1073 2467 1109 2544 ll
1119 2480 1187 2542 τοῖς
1200 2476 1310 2542 νονσλν
1322 2481 1377 2544 οὐκ
1391 2475 1427 2549 όν
1438 2467 1612 2568 ἀξιόμαχος

351 2595 428 2688 σερλ
447 2595 557 2662 ωολλά
571 2593 913 2690 θαλοτίοκρατούντων
928 2601 989 2662 τῶν
1004 2590 1192 2675 Βυζαντίων.

391 2805 413 2838 ι.
427 2788 543 2859 ἀρτοχῆν
555 2787 582 2840 A.
597 2784 607 2859 ll
622 2789 649 2840 5.
661 2806 756 2839 ως.....
770 2789 855 2845 κλῖνὴς
868 2789 895 2839 A.
911 2784 920 2860 Η
939 2804 979 2841 ιι.
994 2785 1089 2841 videtur
1099 2787 1197 2842 subeme
1208 2789 1301 2842 lacuna.

349 3009 453 3061 tentum
473 3001 648 3084 conjecerunt
659 3001 739 3062 ceteri
752 3000 852 3071 Grani,
867 3023 883 3061 a
895 3001 1013 3063 bubulco
1028 3000 1116 3063 edocti
1131 3002 1179 3085 qui
1192 3001 1228 3063 ab
1237 3002 1347 3085 specula
1359 3001 1473 3062 intuitus
1489 3011 1548 3063 erat
1562 3000 1609 3063 ubi

349 3104 467 3188 [corvus]
482 3104 599 3166 victimae
611 3104 737 3188 rapinam
751 3104 933 3188 deposuisset,
949 3105 1116 3189 signumque
1128 3105 1212 3166 secuti
1225 3113 1297 3165 sunt.

391 3206 471 3268 XXV.
493 3207 515 3268 A
531 3216 608 3292 tergo
622 3207 780 3292 Semystra,
794 3208 876 3291 paulo
891 3230 974 3292 supra
988 3207 1136 3269 fluminum
1154 3209 1235 3277 ostia,
1252 3208 1360 3269 initium
1375 3209 1566 3270 circumflexus
1580 3211 1607 3270 in

347 3311 463 3371 alterum
478 3310 549 3371 latus
564 3310 639 3373 sinus
654 3310 773 3372 Ceratiui
792 3311 875 3372 officit
895 3311 1114 3395 promontorium
1136 3311 1287 3392 Drepanum
1299 3311 1439 3372 inflexum.
1456 3311 1520 3372 Post
1533 3312 1609 3396 quod

311 3428 327 3480 5
348 3412 587 3497 [promontorium]
596 3423 637 3474 est
645 3435 775 3476 cacumen
789 3424 913 3483 acutum,
925 3413 1002 3476 valde
1011 3414 1046 3475 ad
1056 3434 1132 3475 mnne
1145 3413 1317 3475 inclinatum:
1328 3413 1506 3474 nominarunt
1517 3423 1608 3475 autem

348 3517 461 3578 Bucolon
476 3516 648 3598 (Βουκόλον,
666 3517 815 3597 lulianum)
833 3526 911 3602 grata
931 3517 1062 3578 memoria
1082 3517 1218 3601 prosecuti
1239 3516 1356 3578 iudicem
1371 3517 1419 3600 qui
1434 3538 1466 3577 ex
1486 3516 1608 3579 hocloco

347 3623 501 3704 speculatus
514 3630 555 3682 est
566 3620 644 3682 urbis
658 3619 827 3683 conditorem
842 3642 964 3683 corvum.

388 3723 481 3785 XXVl.
504 3723 569 3785 Post
580 3723 700 3785 Bucolon
716 3723 800 3808 [sunt
809 3724 866 3786 loca
877 3722 1047 3807 nuncupata]
1064 3720 1183 3784 Mandra
1194 3733 1222 3785 et
1234 3724 1320 3806 Drys:
1336 3724 1381 3786 ille
1393 3723 1506 3808 quidem
1520 3746 1535 3784 a
1549 3726 1607 3785 loco

346 3829 438 3913 quieto
452 3839 479 3890 et
494 3837 577 3897 tecto,
591 3828 659 3889 mani
671 3828 745 3888 enim
757 3827 904 3911 tranquillo
919 3827 1042 3896 alluitur:
1058 3826 1129 3911 Drys
1144 3848 1208 3889 veno
1223 3827 1306 3888 habet
1321 3829 1413 3890 lucum
1430 3827 1548 3911 Apollini
1561 3850 1606 3888 sa·

293 3946 325 3999 tu
345 3954 432 3993 crum.

386 4033 492 4097 XXVII.
515 4035 643 4098 Flectenti
661 4057 676 4096 a
697 4035 884 4119 promontorio
897 4034 966 4119 [est]
982 4034 1080 4119 longus
1094 4035 1170 4095 sinus
1180 4033 1278 4095 Auleon
1293 4033 1462 4117 appellatus:
1477 4032 1525 4116 [ibi
1540 4034 1604 4095 olim

344 4139 423 4222 pons]
438 4138 556 4222 Philippi
571 4137 726 4200 Macedouis
738 4158 821 4220 opus,
832 4137 880 4221 qui
895 4158 927 4198 ex
937 4146 1053 4221 utraque
1063 4137 1216 4198 continente
1226 4137 1385 4219 juncturam
1397 4135 1540 4198 instruxit:
1557 4138 1605 4198 de·

339 4241 406 4324 jecit
420 4241 493 4302 enim
509 4241 538 4301 in
551 4261 627 4302 mare
641 4261 768 4301 saxorum
783 4261 891 4302 acervos
907 4249 935 4303 et
948 4262 1078 4326 aggerem
1094 4261 1276 4324 permagnum
1292 4238 1493 4323 [accumulavit]
1511 4240 1604 4302 multis

343 4345 447 4429 operis,
464 4353 494 4405 ut
508 4345 599 4428 pontis
611 4343 803 4406 commoditate
823 4344 862 4406 uti
880 4355 971 4428 posset
982 4343 1090 4406 abunde
1105 4343 1141 4404 ad
1155 4351 1337 4405 commeatum
1354 4352 1525 4405 terrestrem:
1539 4366 1603 4406 nasu

292 4463 322 4515 15
343 4448 428 4510 classe
442 4447 579 4532 Byzantiis
593 4468 644 4530 par
657 4468 713 4508 non
726 4446 790 4514 luit,
806 4447 891 4508 multo
908 4447 976 4508 mari
992 4445 1200 4530 imperantibus.

384 4648 406 4681 ι.
422 4627 532 4681 scalena
545 4645 595 4679 om.
606 4624 707 4680 Gb.-a
714 4635 810 4697 pastore
823 4623 869 4679 Gb.
884 4624 894 4698 ll
910 4644 934 4678 a.
1006 4627 1192 4695 promontorium
1201 4635 1235 4677 eat
1245 4624 1330 4696 umgas
1339 4627 1405 4679 τίνοι
1419 4626 1508 4681 Auleon
1523 4629 1602 4698 appol·

342 4715 460 4786 secutique
475 4713 571 4783 signum
588 4710 741 4763 condiderunt
756 4707 897 4782 Byzantium
910 4713 935 4761 ιἰι
1010 4708 1073 4761 lanu
1090 4707 1135 4763 Gb.
1152 4708 1162 4782 ll
1179 4709 1267 4763 11-13.
1283 4720 1338 4780 pau
1353 4708 1457 4763 Aulaona
1473 4709 1601 4782 Dionysius

340 4797 498 4867 ρνοιοοοιοιτο
516 4792 935 4868 Bosporion.lllt-7.inflc1nm
1009 4793 1065 4846 dicit
1077 4805 1222 4864 aaaepantam
1230 4791 1333 4866 Philippi
1343 4792 1475 4848 Macedonas
1487 4814 1601 4868 opusque

342 4881 411 4951 cujus
427 4899 537 4934 cacumen
552 4890 649 4932 acutum
665 4877 816 4951 appellarunt
832 4876 936 4930 Bucolan
1008 4879 1074 4930 ιιιιιιι
1093 4874 1171 4930 Cornu
1185 4877 1341 4948 trajiceretur.
1359 4877 1482 4950 Philippus
1498 4881 1558 4932 enim
1576 4881 1601 4931 in

343 4964 400 5034 (loc
409 4975 443 5018 est
453 4962 600 5034 Bubulcum)
611 4974 686 5035 pratu
696 4982 727 5015 m.
732 4982 759 5033 p.
770 4964 786 5015 ι’.
794 4982 814 5014 e.
825 4961 848 5015 A.
860 4960 935 5032 lape-
1009 4960 1096 5015 uadum
1108 4979 1170 5015 sara
1186 4961 1267 5032 dejecit
1283 4981 1409 5035 aurumque
1428 4963 1598 5017 multitudinem

342 5049 446 5102 cularum
460 5047 507 5103 Gb.
520 5049 529 5121 ll
542 5067 567 5118 9.
577 5057 632 5120 post
642 5046 751 5100 όυουίιινι
761 5044 841 5119 Ghll¹
852 5066 873 5099 ι.
880 5057 934 5116 post
1007 5064 1083 5117 cupra
1092 5045 1179 5099 uadum
1189 5046 1347 5101 accumulavit
1357 5046 1404 5101 Gb.
