4282 6368
633 534 929 599 contrectatio
952 534 1321 599 PALAEOGRAPHICA.
1576 559 1613 597 ru

342 693 378 752 ut
401 680 511 752 nullus
536 679 681 753 dubitem
707 680 786 780 quin
811 680 866 753 illc
891 681 960 781 ipse
986 679 1082 752 luerit
1107 679 1204 753 codex
1231 679 1318 752 undo
1342 679 1410 752 haec
1433 680 1612 778 fragmenta

341 817 487 902 excerpta
504 815 591 875 sunt.
609 802 677 874 Hoc
696 816 805 874 autem
822 802 976 876 laterculo
996 802 1166 905 scriptores
1185 801 1283 875 iidem
1303 817 1400 904 atque
1418 802 1451 874 in
1466 802 1612 875 Palatino

341 938 557 1008 recensentur,
578 951 616 996 eo
635 938 742 996 tamen
761 925 945 997 discrimine
964 925 1050 996 utin
1071 925 1186 997 notitia
1204 924 1379 997 laudentur
1397 925 1494 997 etiam
1513 925 1536 996 ii
1555 926 1612 1027 qui

339 1046 436 1118 hodie
455 1047 487 1118 in
509 1046 655 1118 Palatino
674 1046 909 1120 desiderantur.
929 1048 1059 1147 Quippe
1077 1047 1110 1119 in
1128 1046 1282 1119 laterculo
1296 1073 1413 1145 agmen
1430 1045 1532 1128 ducit,
1547 1047 1608 1121 sub

339 1169 443 1241 littera
468 1169 627 1241 numerali
649 1171 699 1253 A',
716 1169 874 1268 Anonymi
897 1170 1090 1269 Geogropln‘ae
1105 1170 1247 1268 repositio
1267 1169 1482 1270 compendiaria
1503 1156 1611 1271 (Ῠπο-

338 1293 478 1364 τύπωσις
493 1297 698 1389 γεωγραφίαις
714 1301 747 1362 έν
766 1287 923 1391 ἐπιτόμῳ)
937 1292 1028 1389 cujus
1043 1291 1139 1362 otiam
1154 1290 1377 1389 apographum
1394 1291 1514 1364 notitiae
1532 1292 1610 1365 sub-

334 1414 446 1513 jicitur
468 1413 641 1511 integrum.
665 1413 791 1485 Deinde
815 1427 998 1512 sequuntur
1021 1413 1053 1484 in
1081 1412 1234 1485 laterculo
1260 1411 1390 1497 eodem,
1410 1414 1471 1486 sub
1496 1414 1610 1490 litteris

339 1535 561 1608 numeralibus
576 1537 623 1620 B',
643 1538 690 1619 F',
710 1540 760 1618 Δ’,
780 1534 986 1632 Agathcmeri
1007 1535 1200 1633 Gcogroplrioe
1220 1535 1403 1637 informatio,
1421 1536 1551 1609 libellus
1566 1537 1611 1610 De

338 1659 427 1729 creatas
445 1657 679 1743 Aristoteliam,
695 1658 840 1757 Dionysii
858 1656 1002 1756 Byzantii
1021 1658 1154 1756 Anupluo
1170 1657 1310 1757 Bospori,
1328 1686 1408 1759 quos
1429 1685 1540 1731 omnes
1561 1659 1608 1732 vel

338 1780 479 1879 integros
496 1780 544 1852 rol
559 1779 669 1881 aliqua
687 1806 723 1852 er
741 1792 831 1880 parte
849 1794 987 1853 serratos
1005 1779 1201 1851 membranae
1219 1793 1334 1852 nostrae
1355 1782 1508 1854 referunt.
1530 1782 1608 1854 lnde

337 1892 446 2004 pergil
461 1902 634 1975 laterculus
652 1928 906 1974 commemorans
927 1901 1052 1973 Arriani
1074 1901 1122 1973 vel
1140 1901 1248 2002 potius
1265 1901 1424 2002 Anonymi
1443 1903 1608 2004 Periplum

338 2025 433 2097 Ponti
447 2025 622 2107 Euxini,ot
636 2037 758 2096 ceteros
777 2049 888 2095 omnes
907 2050 988 2122 quos
1003 2022 1167 2095 Palatinus
1183 2025 1328 2097 continet
1345 2024 1459 2097 ordine
1475 2026 1606 2109 eodem,

337 2161 466 2246 excepto
486 2145 554 2220 solo
574 2146 702 2218 Arriani
724 2145 806 2217 libro
825 2144 870 2217 De
890 2145 1051 2226 erratione,
1077 2146 1134 2246 qui
1150 2147 1284 2219 minime
1303 2147 1345 2219 ad
1370 2146 1607 2249 Geographiam

337 2270 503 2370 pertinens
520 2269 553 2339 in
571 2267 718 2340 Palatino
737 2268 867 2367 quidem
886 2267 994 2340 codice
1012 2268 1096 2341 inter
1111 2283 1284 2368 utrumque
1303 2270 1398 2342 Ponti
1415 2270 1530 2343 Euxini
1548 2272 1609 2344 Pe·

337 2391 456 2492 riplum
474 2391 703 2491 interponitur,
722 2391 755 2462 in
772 2403 879 2462 nostro
896 2404 1002 2462 autem
1018 2390 1123 2462 indice
1139 2391 1271 2463 omnino
1286 2391 1498 2465 desideratur.
1513 2386 1624 2466 Unde

332 2516 400 2613 jam
427 2512 531 2613 liquet
554 2511 696 2585 codicem
728 2512 818 2583 illum
847 2540 912 2612 quo
941 2512 1085 2611 Dionysii
1118 2512 1260 2612 Byzantii
1292 2512 1437 2613 Anaplus
1470 2515 1608 2587 traditur

336 2634 467 2708 eosdem
484 2635 583 2707 libros
601 2635 838 2736 Geograplricos
862 2634 1056 2707 continuisse
1080 2636 1136 2736 qui
1158 2634 1255 2708 hodie
1274 2636 1307 2708 in
1331 2635 1440 2708 codice
1459 2636 1605 2710 Palatino

336 2771 549 2842 asservantur,
568 2757 625 2829 sed
647 2758 761 2829 seriem
779 2756 812 2829 iu
832 2756 887 2828 illo
906 2757 1014 2829 codice
1032 2756 1186 2829 exstitisse
1207 2759 1382 2857 integram,
1406 2759 1449 2830 ita
1470 2774 1505 2831 ut
1523 2788 1606 2860 prar-

336 2880 425 2952 missi
444 2880 565 2952 suerint
581 2907 693 2953 omnes
710 2880 733 2952 ii
752 2879 828 2952 libri
847 2907 929 2980 quos
948 2879 1112 2952 Palatinus
1127 2880 1225 2952 hodie
1243 2907 1309 2954 non
1328 2881 1463 2980 praebet,
1483 2883 1605 2983 quippe

336 3003 392 3102 qui
411 3002 570 3103 principio
587 3015 703 3075 careat.
717 3002 758 3074 lli
772 3017 879 3075 autern
895 3001 971 3074 libri
983 3029 1063 3102 quos
1079 3003 1417 3096 patarinussneoaros
1430 3031 1494 3076 non
1508 3004 1605 3076 tradit

336 3125 458 3225 quique
473 3125 507 3197 in
520 3124 716 3198 membranis
730 3126 847 3198 nostris
862 3124 911 3197 rel
924 3124 1041 3224 integri
1052 3120 1100 3197 vel
1111 3124 1219 3226 aliqua
1232 3152 1268 3196 er
1282 3139 1372 3224 parte
1392 3141 1603 3209 asservantur,

335 3261 412 3319 sunt
429 3274 563 3319 numero
582 3247 744 3347 quinque,
763 3247 824 3319 hoc
841 3246 976 3319 ordine:

425 3469 452 3520 1⁰
474 3461 611 3544 Anonymi
626 3459 800 3544 Geognuplrioe
811 3462 939 3543 expositio
953 3461 1161 3544 compendiatim

421 3574 451 3622 2⁰
473 3565 609 3648 Anonymi
624 3564 774 3625 Sumnmrio
792 3566 861 3626 ratio
875 3563 1047 3648 Geogrcplrioe
1064 3565 1092 3625 in
1106 3565 1212 3647 eplrmro
1228 3566 1401 3648 intelligendae
1416 3567 1461 3646 (in
1476 3567 1605 3631 laterculo

504 3669 617 3738 omissa,
633 3677 729 3752 utpote
744 3668 908 3752 precedenti
923 3667 1146 3752 conjungenda);

420 3773 451 3832 3ο
473 3771 649 3855 Agathcmeri
666 3769 841 3854 Gcogrcpln'oe
854 3770 1021 3854 irffomnctim

421 3876 450 3936 lr⁰
472 3872 592 3936 Libellus
606 3874 646 3936 De
659 3875 741 3935 nentis
756 3873 955 3945 Aristotelicum

420 3980 450 4039 5⁰
471 3978 595 4062 Dionysii
610 3978 734 4062 Byzantii
750 3979 869 4061 Annplus
883 3977 1004 4060 Bospori.

386 4180 534 4263 Quorum
551 4192 614 4251 tres
632 4179 756 4278 priores
766 4182 834 4278 jam
851 4179 1060 4252 innotuerant
1080 4207 1115 4253 er
1132 4179 1296 4252 codicibus
1315 4180 1469 4253 Parisinis
1490 4184 1602 4267 idei,

340 4301 451 4386 rtet,
466 4302 580 4386 255d,
594 4315 626 4374 ct
639 4300 710 4373 aliis
723 4302 860 4374 aliarum
874 4301 1160 4389 bibliothecarum,
1176 4302 1295 4404 quibus
1311 4303 1494 4376 continetur
1506 4306 1602 4377 etiam

335 4423 580 4496 celeberrimum
598 4423 679 4496 illud
697 4423 860 4524 Dosporici
879 4422 994 4525 Anapli
1011 4424 1178 4497 exordium
1197 4424 1283 4524 quod
1303 4424 1429 4524 pridem
1447 4453 1482 4497 er
1498 4426 1603 4499 Allatii

335 4545 477 4617 editione
496 4558 609 4618 notum
628 4559 684 4617 cst.

389 4759 444 4831 lll.
474 4760 582 4842 Quare
599 4758 695 4856 igitur
714 4758 930 4855 fragmentum
952 4758 1034 4831 illud
1054 4759 1249 4832 Allatianum
1267 4760 1364 4860 vulgo
1387 4763 1421 4835 in
1440 4762 1604 4835 codicibus

335 4880 445 4954 libello
476 4881 680 4978 Agathcmeri
706 4881 922 4980 geographico
945 4881 1152 4981 subjunctum
1179 4898 1339 4969 occurrat,
1363 4913 1450 4958 nunc
1472 4885 1601 4957 tendent
