4282 6368
653 591 729 654 PER
750 590 970 653 BOSPORUM
993 591 1223 655 NAVlGA'l'IO.
1546 595 1563 656 3

360 735 414 807 lll.
444 739 544 807 Τοῦτο
561 737 705 831 πορθμός
721 739 788 805 dolls
804 732 929 831 pusidos.
949 738 1056 811 Μῆκος
1078 739 1146 823 μὲν,
1168 738 1208 833 pi
1231 733 1383 806 onolton·
1408 739 1495 835 εὖρος
1514 736 1534 807 l
1553 793 1563 825 ,

308 863 328 948 ᾗ
345 862 535 930 σίενώτατος
553 862 642 928 αὐτὸς
660 864 783 942 ἑαυτοῦ,
799 858 962 953 τετίιίρων.
977 859 1055 927 Οότι
1070 886 1108 948 γε
1122 861 1182 945 μὴν
1197 861 1325 955 θηρίων
1339 861 1484 949 γόνιμος,
1503 864 1564 929 εἴτε

308 963 486 1077 Ηρακλέους
501 980 772 1076 ἀνακαθηραμίνου
791 981 846 1047 τὸν
863 979 999 1063 Πόντον,
1017 987 1058 1048 ὡς
1073 980 1183 1069 λόγος,
1201 983 1263 1049 εἴτε
1285 982 1336 1049 καλ
1360 977 1410 1049 lat
1433 986 1489 1058 τιλν
1511 992 1565 1058 τῆς

308 1105 474 1180 &ulalatus
495 1103 700 1198 rapoaponn'v·
721 1097 787 1170 οὐδ’
810 1101 983 1185 adducenda,
1002 1102 1083 1169 ἀλλὰ
1104 1105 1252 1190 συνεχέσι
1275 1104 1326 1170 καλ
1347 1107 1565 1198 παραλλιίλοις

272 1242 287 1294 5
308 1232 477 1321 ὑπεροχαῖς
492 1224 693 1321 ἀκρωτηρίων
707 1222 892 1312 ἀγνύμενος,
905 1232 986 1318 παρ’
999 1223 1016 1290 ό
1029 1225 1080 1291 καλ
1096 1221 1176 1291 δῖναι
1190 1234 1332 1312 συνεχεῖς
1346 1227 1397 1293 κοιλ
1411 1227 1564 1295 ἀνακοπαί

308 1358 363 1423 τῆς
379 1348 559 1422 θαλοίτίης·
577 1352 656 1433 κνκᾷ
672 1345 728 1431 μὲν
746 1346 809 1438 γὰρ
823 1350 856 1411 ἐν
871 1348 969 1432 ὀλίγῳ
986 1347 1022 1413 τὸ
1038 1351 1153 1440 ῥεῦμα,
1168 1347 1219 1413 καλ
1238 1354 1278 1431 τῇ
1294 1347 1488 1444 σίενοχωρίᾳ
1505 1357 1565 1417 τῶν

310 1471 445 1563 ἀπείρων
464 1467 661 1552 θλιόόμενον
682 1473 821 1551 σπασμῷ
842 1468 893 1533 καλ
917 1467 1045 1561 ταράχῳ
1066 1467 1218 1534 κάτεισιν.
1244 1448 1505 1563 Ῠποτροχοίζονσι
1534 1466 1566 1538 ἀὲ

308 1592 461 1666 ἀλληλοις
482 1595 514 1656 αἱ
536 1596 597 1657 τῶν
620 1589 755 1682 ἀπείρων
778 1589 888 1682 ἀκραι,
913 1589 964 1654 καλ
990 1594 1034 1673 τῷ
1055 1587 1146 1681 παροὶ
1170 1589 1281 1683 μικρὸν
1304 1579 1503 1664 ἐξαπατῶσιν
1526 1597 1567 1659 ὡς

309 1716 470 1807 είργονσαι
485 1717 539 1780 τοῦ
551 1711 668 1799 πρόσω
682 1710 752 1778 τοὺς
766 1712 924 1778 πλέοντας
938 1735 945 1748 ·
960 1709 1045 1778 ἔνθεν
1059 1737 1111 1795 μοι
1127 1705 1251 1778 δοκοῦσι
1266 1712 1317 1779 καλ
1334 1709 1567 1799 Συμπληγάδας

257 1850 289 1902 lo
309 1835 463 1919 όνομάσαι
488 1832 543 1900 τάς
563 1835 701 1926 πέτρας,
724 1827 830 1905 ἐπειδὴ
848 1832 1101 1926 προσπλεόντων
1124 1858 1158 1898 τε
1177 1827 1349 1899 όιίσίανται
1372 1834 1423 1901 καλ
1445 1839 1567 1924 ἀναχω-

309 1956 446 2052 ρούντων
460 1956 603 2036 συνίασι,
622 1947 809 2036 ιλευιλομίνης
825 1960 880 2026 τῆς
897 1951 1090 2047 προσόψεως
1106 1954 1163 2027 τιλν
1178 1943 1285 2029 δόξαν·
1307 1954 1340 2036 ό,
1356 1981 1387 2021 τι
1405 1956 1469 2050 γὰρ
1485 1951 1572 2024 δοκεῖ

309 2081 412 2174 πέρας
429 2076 525 2159 εἶναι,
544 2081 627 2143 τοῦτ’
646 2077 732 2142 ἔσίιν
751 2072 835 2141 ου’θιλς
849 2074 944 2167 ἀρχῆ.

362 2196 412 2266 lV.
441 2199 577 2292 Φέρεται
595 2191 628 2264 dd
646 2200 663 2262 d
681 2201 751 2289 ροῡς
769 2196 859 2262 ἕλικα
873 2196 1019 2289 πορείαν,
1038 2197 1089 2262 καλ
1111 2194 1179 2262 καθ’
1197 2197 1214 2263 ό
1231 2203 1362 2282 πρῶτον
1379 2198 1488 2285 ἐφίησι
1506 2207 1567 2266 τῶν

310 2322 434 2415 χωρίων
450 2318 589 2407 ἠφόσις,
603 2317 713 2413 ἀθροῦς
726 2317 926 2400 ἐλαυνόμενος
942 2313 1084 2405 σχίζεται
1098 2319 1174 2412 περλ
1190 2320 1247 2392 τὴν
1261 2318 1441 2414 Βοσπόριον
1456 2321 1565 2414 ἄκραν·

258 2459 290 2510 tn
311 2439 364 2516 ιλίλε
385 2443 471 2511 dolls
494 2441 546 2508 ἐπὶ
569 2447 624 2514 τῆς
646 2439 813 2533 Εὐρώπης,
839 2439 1067 2533 προπίπίονσα
1083 2441 1140 2524 μὲν
1157 2446 1212 2513 τῆς
1225 2440 1367 2524 πόλεως,
1383 2437 1566 2526 ὃιασίιίματι

311 2560 344 2631 δὲ
360 2558 554 2649 &adnatalios
571 2563 656 2654 πρὸς
672 2563 729 2635 adv
746 2540 850 2627 Ᾰσίαν
867 2565 1048 2628 ἀπαντῶσα.

350 2739 374 2773 ν.
385 2720 535 2772 αόενότατος
545 2720 573 2773 Α.
587 2715 597 2790 λλ
613 2718 638 2771 6.
649 2717 716 2769 κϋκώ
728 2717 755 2770 Α.
771 2714 780 2789 λλ
797 2735 838 2768 ιι.
852 2717 889 2768 ὅτι
902 2716 928 2770 Α.
944 2714 953 2789 λλ
972 2736 1012 2768 ro.
1023 2716 1188 2769 soordoli'vll.
1204 2713 1213 2790 λλ
1231 2717 1272 2769 ι3.
1283 2716 1344 2769 καθὸ
1356 2719 1383 2771 l.
1398 2717 1408 2791 λλ
1425 2720 1466 2773 ι5.
1477 2722 1492 2777 ἡ
1503 2716 1531 2771 δὲ
1541 2720 1567 2773 Α.

326 2949 327 2952 ,
353 2905 398 2967 lll.
422 2904 460 2967 Os
480 2927 543 2966 vero
557 2904 656 2966 fretum
674 2912 716 2964 est
729 2914 887 2964 aestuosum.
905 2902 990 2986 Cujus
1005 2902 1148 2987 longitudo
1165 2902 1277 2987 quidem
1297 2913 1407 2965 centum
1426 2914 1454 2965 et
1473 2906 1568 2990 viginti

312 3009 398 3071 stadia
417 3018 507 3093 patet;
527 3007 641 3069 latitudo
661 3028 738 3077 vero,
759 3028 816 3089 qua
836 3006 928 3089 ipsum
947 3006 1187 3089 angustissimum,
1208 3017 1249 3067 est
1268 3016 1388 3090 quatuor
1407 3007 1569 3072 stadiomm.

312 3111 382 3174 lllud
397 3121 488 3173 autem
504 3110 632 3171 animalia
652 3131 705 3170 non
721 3108 824 3193 gignit,
841 3110 897 3170 sive
911 3108 977 3191 quia
995 3107 1124 3170 Hercules
1145 3106 1262 3169 Pontum
1276 3111 1448 3195 repurgavit,
1467 3121 1497 3172 ut
1518 3112 1569 3174 lert

311 3215 456 3277 hominum
475 3235 579 3282 sermo,
595 3213 651 3274 sive
665 3212 731 3295 quia
751 3232 827 3272 mare
842 3212 934 3272 omnia
949 3211 1074 3295 proripit.
1091 3210 1185 3295 Neque
1201 3233 1263 3273 vero
1284 3212 1421 3296 Bosporus
1436 3214 1568 3286 directus,

276 3331 292 3382 5
312 3317 360 3381 sed
379 3318 515 3379 continuis
536 3326 563 3377 et
582 3315 718 3399 parallelis
738 3314 988 3398 promontoriorum
1010 3315 1163 3376 eminentiis
1183 3314 1297 3385 tractus,
1318 3318 1524 3402 propterquod
1543 3328 1570 3380 et

313 3422 427 3482 vortioes
446 3419 569 3481 continui
586 3427 613 3480 et
634 3418 858 3502 reciprocationes
877 3418 970 3479 maris.
991 3417 1059 3479 Naro
1080 3418 1109 3479 in
1127 3417 1244 3501 [spatio]
1259 3419 1411 3481 arctissimo
1431 3421 1568 3495 miscetur,

312 3547 328 3586 a
380 3524 544 3608 congustiis
559 3522 756 3583 continentium
771 3543 882 3604 pressus
897 3521 1042 3603 proclivior
1061 3521 1252 3604 incitatiorque
1272 3521 1380 3583 labitur.
1402 3522 1569 3586 Praevertunt

312 3628 386 3691 enim
402 3638 429 3690 et
442 3638 574 3710 tunquam
589 3646 619 3687 se
638 3625 754 3686 invicem
771 3624 949 3708 supplantant
968 3634 995 3686 et
1008 3623 1211 3708 propemodum
1227 3624 1368 3708 decipiunt
1381 3630 1568 3709 promontoria

313 3741 445 3815 tanquam
466 3729 638 3812 prohibentia
658 3728 816 3811 navigantes
834 3728 949 3789 ulterius
965 3726 1103 3811 progredi.
1125 3726 1202 3789 Unde
1221 3728 1288 3789 mihi
1305 3728 1430 3791 videntur
1443 3730 1570 3814 Symple-

261 3845 293 3898 t0
312 3831 397 3917 gades
411 3831 566 3892 nominasse
587 3839 696 3913 petrus,
713 3830 844 3913 qnoniam
866 3828 1095 3912 adnavigantibus
1115 3827 1228 3912 quidem
1248 3830 1361 3911 aperiri,
1382 3831 1570 3894 recedentibus

314 3957 377 3997 vero
391 3933 481 3996 claudi
495 3932 632 4004 videntur,
648 3933 755 3995 fallente
770 3931 901 4016 adspectu
913 3933 1078 4015 opinionem.
1091 3930 1121 3992 ld
1132 3932 1205 3992 enim
1217 3931 1292 4015 quod
1306 3931 1412 3994 videtur
1426 3934 1502 4005 sinis,
1515 3945 1571 3996 stu-

313 4039 362 4099 tim
379 4036 545 4120 principium
560 4056 618 4097 esse
630 4043 752 4118 apparet.

357 4140 400 4201 lv.
423 4139 444 4200 F
446 4140 525 4200 luxus
536 4149 629 4201 antem
639 4139 729 4222 pergit
741 4139 893 4209 flexuosus,
905 4147 988 4222 utque
1002 4136 1050 4198 ubi
1060 4138 1182 4219 primum
1193 4137 1316 4199 concedit
1327 4138 1449 4201 locorum
1459 4149 1569 4205 natura.

314 4242 415 4304 densus
428 4243 485 4304 ruit
500 4250 528 4303 et
546 4240 680 4303 scinditur
698 4243 768 4303 circu
789 4242 1007 4325 promontorium
1028 4240 1200 4323 Bosporiom.
1221 4240 1301 4311 Quod
1316 4242 1399 4302 situm
1419 4252 1460 4304 est
1477 4243 1505 4304 in
1523 4266 1570 4306 ora

263 4353 294 4410 15
314 4344 461 4428 Europaea¹
478 4353 643 4428 praevertens
660 4344 773 4428 quidem
788 4344 888 4406 moenia
903 4343 1036 4429 Byzantii,
1057 4343 1160 4405 distans
1175 4365 1239 4404 vero
1254 4353 1357 4426 septem
1372 4343 1459 4406 studia
1474 4345 1509 4407 ab
1524 4369 1570 4408 ora

316 4449 441 4511 Asiatica.

353 4589 407 4643 3-t.
419 4587 501 4641 ulllud
513 4595 608 4641 autem!
622 4629 627 4641 .
639 4627 646 4641 .
662 4588 783 4661 proripit»
799 4606 848 4640 om.
858 4587 905 4642 Gb.
980 4587 1085 4641 οαιιοίιηι
1094 4586 1194 4659 Bosporo¹
1199 4588 1392 4642 interminantem
1400 4590 1460 4643 inter
1463 4611 1571 4664 ριηηιοιι-

328 4673 338 4746 λλ
353 4677 378 4728 5.
400 4673 442 4726 aad
466 4674 589 4726 εοηιιαυιιι
611 4672 658 4726 Gb.
678 4671 687 4745 λλ
707 4674 760 4744 5-7.
790 4679 907 4745 ηριορῑετ
981 4671 1067 4724 lorium
1078 4682 1241 4742 nuncupatum
1252 4670 1336 4726 Boaem
1354 4675 1402 4726 κ’νε
1418 4673 1537 4730 Damalin
1550 4690 1571 4730 ιι

315 4756 394 4830 quod.
406 4797 411 4808 .
425 4797 430 4809 .
446 4756 554 4810 {abituro
568 4775 617 4809 om.
629 4755 675 4810 Gb.
690 4755 700 4830 λλ
715 4758 739 4812 8.
757 4755 906 4829 aodcmpiuot
980 4755 1124 4808 conuersum
1137 4757 1323 4826 protonotarium
1340 4755 1478 4828 Bosporium
1500 4761 1572 4812 κοκκί-

316 4839 362 4893 (ab.
377 4840 387 4915 λλ
405 4859 469 4893 ιο-ι
480 4861 501 4893 ι.
525 4839 724 4911 odnooipontilma
738 4839 805 4892 modo
819 4840 909 4910 operiri
979 4849 1062 4891 nutum
1074 4840 1156 4912 inquo
1169 4837 1310 4910 Byzantium
1319 4841 1391 4893 οιίιιηι
1399 4853 1433 4895 eat
1444 4843 1525 4896 ambit
1540 4843 1573 4896 lu-

316 4923 382 4976 modo
392 4923 473 4977 claudi
484 4924 594 4977 videntur
609 4922 655 4978 Gb.
671 4923 680 4995 λλ
698 4924 786 4976 13-15.
797 4924 907 4978 oFluxus
982 4935 1032 4977 tum
1043 4943 1091 4977 aue
1102 4934 1188 4994 septem
1200 4923 1279 4975 stadio
1289 4923 1335 4977 Gb.
1349 4924 1359 4998 l
1378 4926 1445 4997 15-p.
1455 4927 1483 4990 ίι,
1498 4927 1513 4980 l.
1532 4947 1570 4981 ro.

321 5048 327 5060 .
341 5026 427 5061 ,veron
439 5026 487 5061 om.
499 5007 545 5062 Gb.
561 5007 570 5081 λλ
588 5010 629 5063 ι5.
642 5006 768 5078 Dionysius
777 5005 908 5077 Byzantius
982 5007 1123 5061 sobora...
1140 5007 1238 5081 trigiola
1249 5006 1376 5080 quinquen
1389 5027 1438 5062 om.
1452 5009 1498 5063 Gb.

1355 5139 1363 5174 l
1377 5162 1381 5171 .
