4282 6368
396 608 434 671 16
826 609 1012 672 DIONl'Sll
1033 608 1188 671 BYZXNT
1197 609 1222 672 ll

393 766 462 825 κατ’
480 758 548 826 ἔθος
563 755 682 832 θύουσι
702 754 884 838 Βυζάντιοι·
905 754 992 827 δοκεῖ
1006 759 1069 852 γὰρ
1088 753 1124 831 δὴ
1142 756 1297 842 ταμιεύειν
1316 764 1377 824 τῶν
1396 759 1515 842 ἀνέμων
1533 759 1589 831 τὴν
1606 764 1657 826 εὐ-

393 881 530 974 καιρίαν,
545 881 733 975 σραίνουσα
750 877 825 974 [καὶ]
845 880 1055 965 καθισίαμένη
1071 882 1127 955 τὴν
1143 882 1293 947 έπιπλέον
1309 882 1408 947 αὐτῶν
1423 883 1576 972 ταραχιίν.

444 996 592 1068 XXXVll.
621 1001 667 1068 Td
680 996 713 1068 δέ
726 1000 864 1069 ἐντεῦθεν
877 980 1064 1095 (δσίρεοίδης
1074 1002 1138 1068 ἀπὸ
1148 1006 1203 1068 τοῦ
1215 997 1446 1085 συμέεςιικίτος
1461 998 1654 1084 ὠνίμασίαι·

393 1121 502 1206 βύθιόν
516 1149 551 1190 τε
568 1123 631 1217 γὰρ
648 1123 799 1216 ἔσίρωται
810 1121 890 1189 κατὰ
898 1130 952 1196 τῆς
962 1122 1138 1194 θαλάσσης
1150 1122 1228 1216 έρμα
1240 1119 1359 1195 σιλιίθει
1370 1127 1431 1188 τῶν
1439 1121 1576 1213 ὀσίρέοιν
1588 1128 1656 1189 έπι·

356 1258 372 1310 5
393 1245 630 1330 λενκαινόμευου
642 1270 650 1285 ·
660 1239 855 1333 διαφαίνεται
864 1239 897 1311 δέ
909 1249 974 1312 τοῖς
988 1248 1106 1338 ὁρῶσιν
1116 1247 1133 1309 ὸ
1143 1241 1254 1327 βυθὸς,
1270 1242 1321 1310 καί
1339 1243 1477 1327 pallarolo
1489 1247 1522 1310 έν
1539 1244 1655 1331 ἠσυχίᾳ

392 1367 443 1433 καί
461 1368 583 1454 γαλιίυμ
600 1367 803 1452 σνευμαίτων·
815 1368 923 1461 τρέφει
942 1361 975 1432 δέ
992 1371 1009 1432 ὁ
1025 1366 1121 1434 τόπος
1138 1367 1174 1433 τὸ
1188 1365 1235 1433 ἀεὶ
1254 1361 1552 1450 δαπανώμενονκαί
1568 1366 1655 1433 ἔσίιν

393 1493 432 1556 ὡς
447 1490 484 1554 ἂν
501 1490 583 1556 είττοι
602 1516 648 1556 τις
666 1490 786 1557 ἄσαντος
803 1495 820 1562 tl
838 1495 969 1582 χρῆσις,
989 1484 1234 1573 διαμιλλωμένιις
1251 1493 1290 1571 τῇ
1306 1486 1400 1580 &cipp
1417 1492 1472 1559 τῆς
1486 1487 1652 1573 γενέσεως.

444 1605 606 1678 XXXVlll.
635 1592 808 1698 Ἐκδέχεται
822 1605 858 1684 δι)
872 1614 929 1684 τὴν
942 1589 1111 1704 (δσίρεοίδη
1124 1610 1161 1676 τὸ
1173 1605 1364 1692 καλούμενον
1376 1608 1547 1674 Μέτωπου·
1562 1613 1653 1674 τοῦτο

391 1739 489 1799 κεῖται
506 1732 562 1815 μέν
574 1733 654 1799 κατὰ
667 1730 845 1825 πρόσωπον
860 1738 915 1804 τῆς
930 1730 1071 1799 πόλεως·
1084 1730 1196 1813 βλέπει
1213 1727 1277 1824 γὰρ
1294 1731 1388 1804 αὐτὴν
1398 1730 1455 1803 τὴν
1472 1726 1653 1823 Βοσπόριον

339 1866 371 1919 10
391 1855 505 1948 ἄκραν·
524 1853 699 1940 ώνόμασίαι
718 1849 751 1922 δέ
768 1856 831 1921 ἀπὸ
848 1859 904 1921 τοῦ
919 1855 1097 1945 σχέματος·
1112 1853 1164 1920 καὶ
1178 1853 1240 1947 γὰρ
1253 1852 1338 1945 ατρὸς
1354 1852 1411 1925 τὴν
1427 1853 1555 1943 ἤπειρον
1571 1851 1653 1938 γεώ-

391 1971 459 2044 δεσι
477 1977 587 2065 λόφοις
604 1977 690 2044 totto
704 1978 833 2061 ὁμαλὲς,
847 1976 899 2043 καί
913 1981 948 2042 έκ
964 1975 1129 2050 θαλέτίης
1142 1974 1302 2058 ἀπότομον
1318 1974 1371 2040 καὶ
1392 1974 1532 2057 talevar,
1546 1977 1580 2041 οὐ
1593 1976 1653 2058 μὴν

391 2104 475 2170 θεοῦ
492 2098 660 2193 μαρτυρίας
678 2099 824 2190 ἄμοιρον·
843 2097 1004 2182 τετίμηται
1022 2095 1086 2189 γὰρ
1104 2075 1261 2163 Ᾰπόλλων
1273 2096 1354 2162 κατὰ
1370 2099 1472 2162 τοῦτο.

442 2215 572 2288 XXXIX.
602 2218 691 2287 Marci
706 2215 786 2287 δὲτὸ
800 2219 968 2300 Μέτωπου,
982 2218 1147 2286 Αίάντειου
1165 2218 1326 2301 έποίνυμον
1337 2217 1473 2286 Αἴαντος
1484 2223 1539 2284 τοῦ
1554 2216 1654 2284 Τελα-

391 2351 506 2426 μῶνος,
524 2341 632 2410 δντινα
648 2343 728 2410 κατὰ
745 2343 891 2425 μαντείαν
908 2338 1038 2409 attonat
1055 2340 1227 2435 Μεγαρεῖς·
1247 2340 1285 2406 τὰ
1300 2334 1333 2405 δέ
1350 2336 1402 2414 ἔθη
1420 2346 1481 2406 τῶν
1494 2340 1651 2420 οίκισίῶν,

338 2478 370 2531 15
391 2465 478 2550 νίμοι
497 2471 562 2532 τοῖς
580 2465 734 2532 ἀποίκοις.

442 2582 503 2654 XL.
531 2561 631 2654 Ενθεν
646 2584 715 2652 καθ’
730 2583 747 2652 ὃ
765 2585 958 2680 οιροπίπίων
976 2585 1112 2677 κρημνὸς
1128 2589 1171 2651 είς
1189 2583 1356 2656 attuatos
1369 2584 1569 2678 έπισίρέφει,
1584 2583 1652 2650 Πα-

389 2708 571 2803 λιυόρμικον
588 2708 763 2793 ὠνόμασίαι
783 2709 846 2774 ἀπὸ
862 2714 917 2780 τῆς
934 2701 1076 2800 δευτέρας
1092 2704 1322 2800 καθορμίσεοις,
1340 2701 1446 2779 ἐπειδὴ
1468 2711 1538 2772 κατ’
1552 2706 1652 2800 ἀρχὰς

428 2882 454 2934 9.
465 2860 606 2935 βοσπορίαν
619 2863 646 2916 X.
661 2859 670 2935 ll
689 2861 729 2914 13.
739 2861 848 2913 αίέντῖον
861 2862 889 2912 X.

389 3012 490 3072 faciunt
504 3010 626 3095 Byzantii
643 3010 835 3072 :existimatur
856 3009 930 3070 enim
947 3008 1105 3092 dispensare
1125 3017 1267 3070 ventorum
1289 3008 1526 3079 commoditatem,
1541 3010 1651 3094 placans

390 3113 436 3200 [et]
451 3135 618 3199 componens
628 3135 724 3176 comam
736 3113 867 3197 majorem
880 3111 1085 3174 turbulentiam.

430 3216 559 3280 XXXVll.
582 3203 686 3279 Deinde
702 3226 742 3278 est
756 3216 832 3278 locus
849 3214 986 3278 Οννοοιίοι
1001 3237 1017 3276 a
1032 3214 1114 3277 rebus
1129 3237 1192 3300 quse
1208 3213 1245 3277 ibi
1267 3215 1338 3278 fiunt
1354 3217 1518 3278 nominatus.
1535 3216 1651 3278 Prosun-

389 3319 455 3381 dum
470 3321 544 3381 eninr
559 3320 642 3381 maris
653 3319 769 3390 vadum,
781 3328 933 3380 ostrearum
947 3317 1123 3380 multitudiue
1137 3318 1548 3404 exalbescens,lrtperspicuun1
1562 3320 1651 3404 adspi-

352 3433 368 3485 5
388 3422 523 3486 cientibus
538 3423 654 3484 maxime
670 3423 697 3484 in
709 3421 905 3505 tranquillitate
916 3431 944 3483 et
958 3421 1049 3505 quiete
1064 3429 1218 3482 ventomm.
1230 3421 1282 3482 llic
1294 3431 1386 3484 autem
1399 3423 1475 3485 locus
1485 3444 1594 3508 semper
1603 3423 1651 3484 alit

387 3526 464 3611 quod
478 3526 662 3611 impendatur,
673 3534 756 3610 atpue
771 3533 813 3586 cst
826 3535 856 3586 ut
867 3524 889 3585 si
902 3523 1047 3609 quisdicat
1061 3523 1238 3586 inexhaustus
1251 3546 1331 3594 usus,
1342 3527 1518 3611 generatione
1532 3526 1650 3610 [ostrea-

387 3630 465 3713 rum]
481 3629 660 3692 contendente
674 3651 736 3691 cum
751 3629 900 3714 piscatione
913 3627 1048 3712 [caruml.

428 3733 572 3797 XXXVlll.
595 3733 756 3796 Ostreodem
777 3733 877 3816 excipit
896 3732 972 3794 locus
991 3741 1165 3815 nuncupatus
1184 3731 1304 3814 Metopon
1309 3758 1321 3804 ,·
1347 3732 1399 3794 hoc
1417 3732 1469 3795 suh
1489 3733 1648 3817 adspectum

389 3838 463 3900 urbis
477 3837 630 3921 subjectum
650 3847 704 3900 est:
725 3837 842 3920 adspicit
860 3837 934 3899 enim
954 3835 1117 3919 Bosporinm
1139 3837 1367 3918 promontorium.
1391 3835 1494 3898 Nomen
1518 3837 1648 3900 invenite

337 3949 368 4001 lt)
388 3943 491 4026 figura:
504 3963 567 4003 nana
580 3963 611 4004 ex
623 3941 785 4004 continentis
796 3949 873 4025 parte
882 3939 997 4024 planum
1009 3948 1049 4001 est
1058 3940 1173 4001 terrenis
1185 3939 1312 4010 tumulis,
1322 3961 1354 4002 ex
1363 3949 1441 4024 parte
1451 3941 1535 4001 maris
1545 3940 1648 4024 abrup-

389 4055 484 4108 tumet
496 4066 631 4129 precepm
646 4065 701 4106 non
712 4054 803 4106 tamen
812 4043 857 4106 dei
865 4042 1021 4106 testimonio
1033 4052 1107 4105 caret
1115 4067 1122 4106 ι
1131 4043 1231 4105 etenim
1244 4041 1320 4126 apud
1330 4044 1423 4127 ipsum
1434 4043 1532 4105 colitur
1542 4044 1646 4128 Xpollo.

429 4147 547 4211 XXXIX.
570 4147 634 4209 Post
654 4146 783 4231 Metopon
810 4156 850 4208 est
871 4145 1008 4214 Μαντίου,
1031 4166 1132 4208 nomen
1152 4144 1283 4230 adeptum
1310 4145 1345 4207 ab
1369 4145 1450 4230 Xjace
1475 4145 1646 4217 Telamonia.

388 4271 472 4334 quem
482 4260 595 4334 propter
609 4246 759 4332 quamdam
774 4247 992 4310 vaticinationem
1008 4248 1100 4309 colunt
1114 4247 1299 4330 Megarenses:
1315 4248 1440 4310 instituta
1449 4257 1542 4310 autern
1554 4248 1648 4310 condi·

388 4364 479 4414 torum
493 4352 580 4436 [lacte
594 4351 668 4435 sunt]
683 4351 756 4436 leges
768 4350 879 4413 colonis.

335 4467 367 4519 15
430 4456 485 4518 XL.
508 4455 574 4518 lnde
588 4453 733 4539 procidens
746 4453 946 4538 precipitium,
962 4474 1124 4516 conversum
1139 4455 1168 4515 in
1180 4475 1269 4520 mare.
1285 4455 1458 4517 nominatum
1471 4467 1512 4518 est
1526 4455 1648 4516 Palicor-

387 4562 510 4622 πίτυνον
528 4558 647 4621 secunda
664 4558 856 4643 applicatione.
873 4557 1021 4642 Postquam
1040 4559 1113 4621 enim
1128 4558 1241 4620 colonie
1254 4557 1416 4622 deductores
1431 4559 1466 4621 ad
1480 4582 1544 4622 eum
1557 4561 1647 4623 locum

429 4699 701 4772 πολυμνήστευτον
709 4698 891 4752 commoditatem
898 4717 981 4771 corque
1056 4698 1168 4753 undantis
1177 4718 1231 4753 cum
1242 4718 1325 4753 amum
1334 4700 1464 4771 piscatione
1476 4699 1523 4754 Gb.
1538 4699 1548 4774 Η
1563 4701 1589 4756 8.
1603 4701 1647 4755 Οτ-

388 4783 533 4839 turbulentos
538 4781 639 4856 placare
651 4780 714 4856 Gbl}
725 4783 779 4839 3·!t.
792 4781 980 4856 sprofundum»
1056 4783 1137 4837 troada
1146 4782 1222 4837 locum
1235 4782 1282 4838 Gb.
1297 4782 1307 4858 ΙΙ
1324 4784 1647 4858 1o¹1.decliceetproereps

387 4888 437 4922 om.
458 4868 506 4924 Gb.
520 4867 530 4944 ΙΙ
545 4869 570 4921 ίι.
592 4878 724 4921 crimmum
743 4867 894 4922 multitudine
913 4866 981 4922 εταί-
1056 4866 1221 4941 Gb.llrt.non
1231 4868 1647 4939 tomendiomr'testimociiexperaest

387 4953 527 5008 lucentium
546 4962 688 5006 commatum
710 4951 757 5006 Gb.
772 4949 782 5027 ΙΙ
797 4953 853 5025 5-7.
872 4963 905 5005 ert
920 4953 980 5006 enim
1057 4949 1454 5027 Gb.llru.AiontionGb.ll13-1lr.
1464 4950 1648 5024 Megareruereae

387 5037 517 5091 ίυπυτίοιίι
530 5037 594 5090 ίυουυ
606 5036 765 5109 gmcrotiom'c
780 5047 910 5091 otmarum
928 5055 981 5089 con-
1055 5037 1162 5090 instituto
1172 5055 1252 5090 eonem
1264 5037 1308 5110 qui
1317 5035 1466 5091 dcdwruat
1476 5036 1589 5090 colonium
1599 5036 1646 5091 Gb.
