4282 6368
790 606 865 668 PER
888 606 1109 670 BOSPORUM
1132 607 1358 671 vatulllo.
1688 615 1706 673 9

442 752 610 824 ἐπίκτητον
629 752 730 840 ἔχων·
748 757 783 820 ου’
802 753 906 820 παλαι
924 753 986 847 γὰρ
1004 754 1238 849 ἀνευρίσκεται,
1256 758 1331 823 τέως
1347 757 1418 849 ἄρτι
1437 759 1488 824 καλ
1506 757 1707 851 ἀνερεύνητος

441 871 529 940 οὖσα.

493 990 569 1062 lllll.
600 976 665 1063 lissi
689 991 722 1064 δέ
744 999 841 1083 αὐτῷ,
866 997 902 1063 sd
924 996 1115 1082 καλούμενον
1136 977 1331 1081 Ᾰψασιείου·
1356 1000 1533 1084 ὠνόμασίαι
1556 995 1588 1067 δὲ
1611 1001 1706 1069 οὕτως

439 1117 503 1182 ἀπὸ
515 1124 576 1185 τῶν
587 1119 650 1185 ἀπὸ
663 1097 836 1213 Ᾰρκαδίας,
850 1119 902 1186 καλ
916 1119 991 1187 Ζεὺς
1005 1099 1152 1203 blaesos
1167 1126 1200 1187 έν
1214 1119 1312 1207 τούτῳ
1327 1123 1500 1206 τετίμηται.
1519 1122 1659 1218 Παρέχει
1673 1119 1704 1191 δέ

402 1251 418 1303 5
439 1247 500 1305 τῶυ
519 1237 633 1327 ι’χθιίων
650 1243 707 1314 την
724 1242 926 1328 καταγωγήν.

490 1352 552 1424 llll.
582 1358 775 1452 Εἶτ’ένοίκρα
782 1361 955 1442 ,πλεῖσίον
967 1363 1191 1455 ὑπερτείνουσα
1202 1363 1361 1430 τοὶςᾶλλας
1368 1363 1441 1445 ,καὶ
1452 1367 1507 1431 τοῦ
1515 1389 1548 1431 τε
1556 1362 1705 1458 ῥεύματος

438 1480 489 1546 καί
508 1487 570 1547 τῶν
585 1482 775 1566 πνευμάτων
792 1483 849 1555 τὴν
865 1480 941 1563 βίαν
959 1477 1158 1573 ἐκδεχομένη.
1178 1480 1299 1557 Ταύτης
1314 1485 1350 1551 τὸ
1369 1484 1425 1568 μέν
1440 1488 1586 1578 προέχον
1602 1488 1701 1578 ἀπέρ-

438 1628 539 1695 ρωγεν
557 1604 609 1670 &orl
627 1606 684 1678 την
706 1603 898 1686 θαλασσαν,
923 1604 974 1670 καλ
995 1603 1139 1698 παραθεῖ
1157 1604 1251 1687 βυθὸς
1269 1606 1472 1700 ἀσίηρικτος’
1492 1608 1528 1674 τὸ
1549 1603 1582 1674 δέ
1601 1608 1701 1698 καίτοι,

437 1727 493 1797 τὴν
505 1726 639 1808 ἐντομὴν
650 1731 705 1799 τῆς
717 1727 839 1820 πέτρας
847 1730 890 1792 εἰς
901 1728 1030 1800 πολλὴν
1042 1722 1207 1814 διασφοίγα
1222 1725 1426 1811 κοπίόμενον,
1439 1729 1532 1815 ὀλίγη
1547 1731 1702 1803 συνῆπίαι

383 1858 416 1911 10
436 1853 475 1930 τῇ
490 1847 575 1938 πρὸς
591 1847 648 1920 τὴν
667 1848 797 1940 ἤπειρον
815 1849 978 1936 κοινωνία,
997 1849 1144 1933 μέλλοντι
1163 1850 1215 1915 καλ
1234 1851 1372 1934 λυομένῳ
1394 1849 1603 1941 προσεοικός·
1629 1856 1646 1924 d
1669 1846 1702 1918 δὲ

435 1967 527 2033 εἰκὼν
541 1974 596 2042 τῆς
608 1966 709 2051 ὄψεως
722 1971 805 2055 αὐτῷ
817 1968 951 2054 τοῦνομα
964 1968 1178 2062 προοίίθησι·
1195 1968 1450 2053 Μελλαποκόψας
1462 1972 1525 2066 γὰρ
1540 1974 1699 2045 κέκληται.

487 2084 564 2156 XXl.
594 2091 684 2157 Messi
701 2097 792 2158 τοῦτο
809 2085 862 2158 διίο
882 2090 992 2175 τόποι,
1011 2091 1119 2184 θέρος
1139 2086 1313 2165 διετησίους
1331 2090 1446 2182 ίχθιίων
1464 2094 1699 2187 παρεχόμενοι,

435 2211 519 2278 necrol
533 2238 567 2279 τε
586 2213 762 2280 ιίποσίολοὶς
779 2219 841 2279 τῶν
857 2214 1059 2306 ἀκρωτηρίων
1074 2213 1125 2279 καλ
1144 2211 1226 2293 βοίθη
1244 2214 1372 2281 κόλπων
1385 2207 1484 2281 εὐδίου
1498 2213 1550 2280 καλ
1570 2217 1701 2299 νηνέμου

434 2340 489 2406 τῆς
504 2334 669 2408 θαλοίτίης
682 2339 726 2402 είς
744 2332 853 2402 αὐτοὺς
868 2335 1089 2423 ἀναχεομένης.
1110 2333 1246 2422 Λέγεται
1265 2329 1296 2401 δὲ
1315 2340 1331 2402 ὁ
1349 2319 1590 2422 μέυῘνγευίδας,
1603 2337 1700 2430 η’ρωος

381 2469 412 2523 15
434 2454 595 2538 έτιοίννμον
614 2457 785 2549 έγχωρίον·
805 2456 960 2549 Περαϊκδς
976 2450 1009 2523 δέ
1026 2457 1151 2551 οἵτερος,
1166 2461 1206 2524 ὠς
1225 2456 1311 2541 plot
1329 2457 1452 2524 πλείων
1465 2460 1591 2546 κατέχει
1606 2459 1700 2545 λόγος

475 2619 496 2652 ι.
507 2598 570 2673 δρτη
584 2603 611 2654 λ.
627 2598 637 2673 ΙΙ
653 2601 677 2652 ἱι.
690 2603 737 2653 oso
748 2603 824 2671 (corr.
838 2601 864 2654 in
878 2601 941 2671 α’τὸ)
954 2607 1011 2655 τῶν.
1027 2600 1036 2675 ll
1051 2621 1076 2674 9.
1088 2599 1222 2670 διοσφοίγαι
1232 2603 1259 2655 Α.
1275 2599 1285 2674 ll
1303 2621 1344 2655 in.
1356 2610 1444 2675 θῆρας
1456 2604 1484 2657 Α.

432 2767 538 2828 lucrum
556 2767 735 2830 adventitium
756 2769 869 2853 insuper
884 2768 996 2830 babcns.
1012 2769 1072 2832 Non
1087 2768 1160 2830 euim
1182 2767 1287 2852 [mure]
1303 2768 1368 2830 olim
1389 2768 1426 2830 ibi
1442 2768 1635 2854 indagabitur,
1651 2770 1698 2831 sed

431 2869 575 2955 bucusque
590 2871 671 2933 etiam
688 2873 864 2934 inscrutabile
879 2872 1018 2934 manebat.

474 2973 543 3035 lllll.
565 2976 653 3057 Supra
673 2974 790 3035 Hortum
806 2975 932 3036 estlocus
948 2973 1121 3057 Hapsasieum
1134 2974 1294 3058 appellatus.
1309 2974 1348 3035 ltu
1362 2983 1454 3036 autem
1470 2985 1644 3058 nuncupatus
1658 2986 1698 3036 est

431 3077 466 3138 ab
488 3077 530 3139 his
551 3079 600 3163 qui
614 3100 646 3140 ex
661 3077 775 3140 Arcadia
797 3077 965 3163 [venerunt]‚
979 3088 1007 3140 et
1022 3077 1129 3161 Jupiter
1143 3076 1293 3162 Hapsasins
1311 3077 1347 3138 ibi
1363 3077 1468 3139 colitur.
1484 3077 1590 3140 Probet
1606 3088 1698 3140 autem

395 3189 410 3241 5
431 3181 550 3262 piscibus
565 3180 757 3245 diversorium.

473 3285 528 3346 llll.
554 3285 649 3347 Postea
669 3285 807 3369 [occurrit]
822 3286 1058 3368 promontorium,
1080 3287 1231 3370 plurimum
1252 3306 1336 3369 super
1355 3285 1406 3346 alia
1428 3286 1615 3368 promontoria
1633 3287 1698 3347 emi·

425 3392 510 3460 nens,
526 3398 609 3474 atquo
624 3391 759 3451 [lucturum
775 3400 802 3451 et
822 3399 965 3451 ventorum
984 3390 1140 3451 violentiam
1157 3388 1303 3472 excipiens.
1324 3388 1413 3472 Hujus
1430 3389 1610 3470 promontorii
1630 3390 1697 3450 enri-

429 3493 520 3553 uentia
538 3492 655 3575 abrupta
669 3494 726 3554 abit
742 3495 769 3555 in
784 3515 875 3565 orare,
892 3503 975 3577 atque
995 3515 1057 3555 eam
1071 3493 1194 3577 praeterit
1209 3493 1323 3577 pelagus
1339 3490 1413 3553 baud
1431 3500 1532 3552 tutum.
1548 3491 1616 3553 Nam
1630 3514 1696 3576 pro-

429 3597 558 3658 montorii
576 3618 641 3680 pars
656 3597 777 3669 inferna,
794 3597 842 3658 ubi
858 3597 940 3659 sectio
957 3607 1043 3681 petrae
1053 3596 1082 3656 in
1092 3597 1206 3657 multam
1220 3595 1389 3656 avulsionem
1402 3593 1586 3679 abrumpitur,
1599 3596 1696 3680 exigua

377 3706 409 3759 m
428 3700 606 3784 conjungitur
622 3700 772 3762 continenti
787 3700 929 3770 societate,
948 3699 1088 3760 cunctanti
1103 3708 1130 3760 et
1144 3719 1228 3782 quam
1246 3719 1309 3758 mox
1323 3697 1432 3759 ruinam
1452 3697 1567 3759 edituro
1583 3699 1695 3765 similis,

429 3801 501 3868 unde
513 3802 664 3865 similitudo
675 3803 821 3886 adspectus
837 3803 874 3864 illi
888 3823 988 3864 nomen
1002 3802 1138 3886 imponit:
1151 3823 1215 3862 nam
1230 3800 1436 3882 Mellopocopans
1452 3802 1619 3863 nominatur.

469 3903 538 3965 lllll.
563 3903 626 3964 Post
641 3904 705 3974 boc,
722 3903 778 3965 duo
798 3904 856 3965 locu
872 3913 936 3965 sunt
955 3903 1084 3964 omnibus
1101 3902 1165 3963 unni
1183 3900 1355 3985 temporibus
1371 3900 1489 3983 piscium
1504 3912 1615 3985 coptum
1637 3901 1693 3962 lar-

426 4006 543 4089 gientis,
560 4016 674 4090 pmpter
689 4006 897 4068 summissiones
915 4005 1167 4089 promontoriorum
1187 4015 1215 4065 et
1234 4004 1346 4065 sinuum
1368 4001 1540 4064 altitudinem
1555 4014 1583 4066 et
1596 4006 1696 4065 remis-

425 4110 530 4172 sionem
546 4110 630 4171 muris
644 4111 744 4194 placati
757 4120 785 4172 et
796 4110 884 4196 quieti
902 4130 916 4169 a
932 4108 1019 4169 ventis
1034 4109 1063 4169 in
1077 4107 1136 4168 haec
1145 4108 1204 4169 loco
1223 4106 1315 4168 relusi.
1329 4107 1454 4178 Quorum
1469 4106 1537 4167 alter
1552 4106 1694 4189 luganidm

376 4223 405 4276 15
426 4212 535 4284 dicitur,
556 4214 590 4276 nb
611 4214 693 4277 heroe
708 4237 845 4298 eponymo
861 4213 1006 4298 indigena3
1023 4211 1090 4272 alter
1110 4210 1250 4280 Persicus,
1272 4220 1302 4272 nt
1323 4209 1458 4294 plurimus
1480 4208 1592 4292 quidem
1614 4210 1696 4273 lmbet

464 4355 710 4410 κινδυνευοντων.
726 4355 735 4429 ll
752 4358 776 4410 3.
786 4346 963 4421 λψασιεῖοναὸ
974 4352 1020 4406 ds·-
1096 4352 1159 4404 omni
1173 4363 1273 4423 tempore
1286 4352 1344 4404 anni
1363 4351 1405 4405 Gc.
1421 4349 1431 4424 ll
1449 4352 1540 4406 ¹3-1l.
1558 4356 1696 4406 osummis-

425 4439 491 4493 cadis
501 4441 646 4493 nominatum
660 4441 685 4493 in
695 4439 737 4492 boc
752 4440 800 4493 loco
813 4441 886 4491 situm
898 4450 931 4492 sst
943 4449 965 4490 et
976 4436 1021 4490 ίιι·
1095 4436 1199 4490 sionibus
1211 4435 1425 4508 promontoriorum
1436 4446 1458 4489 et
1470 4436 1604 4491 remissione
1621 4441 1694 4491 snos-is

423 4524 486 4594 pitsr
497 4514 704 4589 dddososcolitso·
712 4523 758 4578 Gb.
769 4535 822 4597 post
830 4523 931 4576 Hortum
941 4522 1021 4595 sequi-
1096 4523 1120 4575 ιἰι
1133 4520 1182 4575 lsoec
1193 4522 1244 4574 loco
1253 4521 1328 4593 effusi
1339 4519 1386 4573 alte
1395 4521 1486 4574 sinuosi
1490 4520 1584 4594 plocots'
1592 4535 1613 4576 et
1626 4535 1693 4577 tross-

425 4621 466 4661 tio·
475 4607 539 4660 Iocus
548 4607 664 4679 Apronius
677 4609 720 4662 Gc.
735 4607 744 4682 {l
760 4627 784 4679 7.
797 4616 889 4680 eatque
899 4606 1020 4672 lluctuum
1095 4605 1165 4679 quilii
1177 4604 1224 4660 Gb.
1236 4606 1389 4677 piscationem
1402 4604 1435 4658 sd
1448 4604 1606 4678 depressiones
1618 4620 1694 4660 entre

424 4699 465 4745 eto
479 4711 529 4745 om.
538 4692 585 4746 Gb.
601 4691 610 4767 ll
626 4695 651 4747 8.
662 4704 684 4746 et
692 4691 758 4745 baud
758 4691 837 4765 firmo
846 4692 954 4764 preterit
961 4709 1021 4763 pro-
1095 4709 1146 4744 mas
1158 4709 1219 4764 quos
1230 4689 1331 4763 efficium
1344 4689 1442 4762 lingulae
1451 4690 1545 4744 collium
1555 4702 1577 4745 st
1586 4691 1619 4744 od
1626 4694 1692 4746 siuas

415 4775 524 4846 fandum
544 4796 610 4831 more
629 4776 676 4831 Gb.
692 4775 701 4850 ll
722 4796 747 4847 9.
766 4778 888 4830 sectionem
901 4786 977 4847 petro
995 4777 1020 4829 ιἰι
1091 4774 1224 4848 prsssundos
1231 4775 1319 4848 quietos
1326 4795 1342 4827 α
1349 4776 1422 4828 emtis
1429 4774 1557 4847 largientis
1564 4777 1608 4831 Gc.
1623 4775 1633 4852 ll
1651 4779 1691 4830 15.

423 4859 871 4933 multomaoolsionemobsnmpeme.
887 4859 896 4934 ll
915 4879 1020 4915 socco
1095 4859 1156 4914 alter
1168 4859 1282 4912 l'irnicos
1298 4878 1314 4910 α
1326 4859 1403 4912 Piros
1419 4857 1555 4913 Atheniensi
1570 4860 1614 4916 Ga.
1631 4862 1692 4916 alter

422 4945 527 4999 cietntea
543 4964 593 4999 om.
617 4945 663 5000 Gb.
682 4977 714 4985 -
733 4945 885 4998 dissolvendae
903 4955 926 5000 st
947 4964 1018 5019 quom
1094 4945 1182 4998 dicitur
1195 4943 1299 4997 Ps'raicsss
1310 4955 1337 4996 ot
1349 4943 1477 4997 multorum
1490 4944 1608 4998 bominem
1623 4947 1691 4999 babet

422 5048 477 5081 mor
490 5050 511 5082 r.
523 5029 560 5082 cd.
574 5029 620 5083 Gb.
636 5028 645 5103 ll
665 5049 672 5082 1
683 5049 704 5082 ι.
718 5049 800 5082 nornen
810 5029 874 5083 dedit
887 5028 932 5083 Gb.
948 5027 958 5104 ll
977 5049 1019 5085 sa.
1093 5049 1195 5084 sermon
1208 5027 1284 5082 Piroeo
1295 5026 1372 5082 Attico
1384 5027 1431 5083 Gb.

1488 5161 1500 5193 n
