4282 6368
554 620 633 662 arun
838 594 1133 661 uottttuurlrlo
1155 594 1519 661 PALAEOGRAPHICA.

554 770 588 812 re
606 739 755 841 praesenti
779 739 840 812 luit
862 753 960 839 atque
982 740 1090 811 omnia
1110 738 1198 812 velut
1223 734 1262 820 ἐξ
1280 740 1432 826 corollas
1459 739 1637 839 descripsit.
1663 738 1820 812 Locorum

554 862 641 962 apud
660 889 734 934 eum
754 886 904 933 recensus
920 860 1126 960 plenissimus
1148 892 1155 933 ι
1180 859 1298 934 etenim
1321 889 1339 931 a
1360 860 1511 959 Byzantio
1531 859 1694 961 proiectus
1712 863 1821 934 omnia

555 984 688 1083 Bospori
705 982 812 1056 littora
829 981 1020 1082 perlustrat,
1036 983 1178 1083 primurn
1199 981 1288 1055 sinus
1309 982 1367 1083 qui
1385 982 1493 1056 Cornu
1517 983 1634 1056 dicitur
1650 997 1821 1085 utramque

555 1106 675 1205 ripam,
697 1103 815 1177 deiude
840 1104 915 1177 freti
939 1130 1028 1176 oram
1050 1103 1256 1205 Europum,
1281 1103 1422 1205 denique
1444 1104 1581 1177 Asiatica
1603 1104 1723 1179 littora.
1743 1108 1823 1190 Qus

555 1241 662 1298 autern
690 1225 905 1327 mythologice
935 1225 976 1297 ad
1001 1224 1146 1297 locorum
1173 1225 1422 1326 descriptionem
1445 1225 1618 1310 accedunt,
1637 1254 1675 1298 ea
1696 1227 1822 1300 videtur

556 1375 620 1418 uon
641 1346 749 1418 omnia
767 1344 919 1417 credulus
938 1359 1065 1445 ucccpta
1091 1344 1253 1429 retulisse,
1276 1344 1334 1417 sed
1351 1345 1417 1417 acri
1440 1344 1604 1418 interdum
1618 1345 1742 1444 judicio
1756 1346 1823 1419 dis·

555 1469 694 1542 tinxisse.
715 1468 815 1566 Cujus
843 1467 889 1539 rei
912 1465 1093 1567 exemplum
1112 1466 1212 1540 habes
1237 1464 1371 1539 initiet)
1394 1466 1450 1539 ubi
1473 1466 1591 1567 duplex
1615 1467 1656 1540 de
1676 1467 1820 1568 Bosporii

557 1589 767 1688 promontorii
794 1589 925 1660 nominc
947 1589 1085 1661 refertur
1107 1615 1229 1673 sermo,
1250 1603 1282 1661 et
1297 1587 1401 1661 finer)
1426 1588 1482 1660 ubi
1503 1587 1697 1662 describitur
1718 1603 1822 1663 statua

558 1712 650 1783 Bovis
668 1711 701 1781 in
720 1711 827 1782 littore
844 1709 981 1781 Asiatico
999 1736 1100 1809 prope
1118 1709 1356 1782 Chalcedonam
1373 1711 1432 1781 sita
1454 1724 1487 1782 et
1504 1709 1682 1810 inquiritur
1701 1710 1742 1782 de
1758 1712 1824 1782 ori-

556 1834 630 1931 gine
658 1836 727 1932 ejus
753 1846 850 1931 utque
878 1829 1106 1931 appellatione.
1131 1831 1201 1903 llio
1219 1829 1329 1903 locol³¹
1356 1831 1513 1904 sinceram
1538 1830 1823 1932 incorruptamque

557 1954 654 2026 lidum
670 1956 738 2053 ipso
756 1967 901 2036 testatur,
916 1981 1017 2053 quum
1034 1955 1077 2025 ait
1091 1981 1124 2025 se
1138 1953 1218 2026 nihil
1235 1953 1467 2054 supprimendo
1481 1953 1647 2026 veritatem
1660 1953 1823 2027 dicturum

556 2076 601 2177 (et
617 2082 680 2176 χρὴ
698 2076 793 2166 μηδὲν
807 2080 1073 2164 ὐποσῖειλαίμενον
1090 2079 1221 2154 τάληθὲς
1239 2073 1368 2175 εἰπεῖν).

608 2197 702 2281 Quod
722 2226 794 2270 vcro
816 2197 856 2269 ad
876 2197 1003 2269 dicendi
1027 2224 1128 2296 genus
1152 2197 1282 2281 attinet,
1303 2198 1445 2297 quaesite
1463 2210 1560 2297 atque
1580 2199 1734 2271 allectatae
1754 2199 1822 2269 ele·

556 2319 671 2415 gantiae
691 2318 823 2390 crimine
842 2345 907 2389 non
926 2334 1029 2403 caret,
1049 2318 1241 2391 Pausaniam
1260 2319 1294 2389 in
1312 2318 1373 2390 hoc
1392 2346 1522 2420 quoque
1540 2318 1720 2391 aemulatus.
1737 2318 1824 2391 Pre-

558 2456 643 2512 torea
660 2454 821 2513 vetustum
835 2439 992 2540 quiddam
1008 2454 1120 2541 atque,
1141 2454 1177 2512 ut
1192 2441 1236 2513 ita
1250 2439 1373 2525 dicam,
1388 2447 1543 2537 ἀρχαϊκὸν
1561 2440 1686 2514 redolet
1704 2441 1822 2513 oratio.

557 2564 676 2662 quippe
695 2590 766 2662 quae
779 2562 818 2633 ad
838 2562 1034 2661 Thucydidis
1052 2563 1265 2636 imitationem
1282 2563 1457 2662 composita
1478 2590 1545 2635 esse
1562 2563 1718 2637 videatur.

608 2684 772 2756 Hactenus
789 2684 829 2755 ‹le
848 2684 999 2783 llionpsio
1018 2685 1132 2785 Anapli
1151 2699 1292 2757 auctore.

596 2963 621 3003 (¹³
643 2964 704 3019 vide
714 2966 790 3021 iutra.
801 2985 826 3037 p.
836 2967 866 3027 5,
876 2965 893 3018 l.
905 2983 922 3035 9
932 2973 957 3019 et
965 2984 1019 3039 sqq.
1029 2996 1064 3006 ——
1075 2964 1100 3007 θ)
1115 2966 1177 3021 Vide
1187 2965 1264 3031 inira,
1274 2986 1300 3041 p.
1311 2968 1387 3030 dud.
1399 2966 1503 3023 5,...t⁸)
1519 2968 1580 3023 Vide
1588 2968 1667 3033 iufra,
1678 2988 1702 3041 p.
1715 2970 1758 3033 31,
1769 2969 1785 3022 l.
1798 2991 1824 3042 9.
