4282 6368
699 605 775 668 PER
798 605 1019 669 Bosrouutr
1042 605 1269 667 Naviuatto.
1576 606 1615 665 ao

352 750 519 831 Ancyreum.-
536 749 571 810 ab
583 748 635 809 boc
645 749 718 809 enim
733 749 811 809 aiunt
825 748 961 831 lapideam
975 766 1104 810 ancoram
1120 748 1255 830 accepisse
1270 748 1430 831 rravigantes
1445 770 1508 808 cunr
1519 748 1616 809 lasona

354 853 421 912 vatis
436 851 596 921 admonitu,
613 849 760 934 eidemque
772 851 958 932 promontorio
974 871 1073 911 nomen
1088 848 1193 911 dedisse
1209 850 1371 932 Ancyreum.

395 953 559 1015 ttttttlltt.
581 952 647 1013 Post
667 954 885 1036 promontorium
904 954 1059 1036 Ancyreum
1079 963 1120 1013 est
1140 951 1244 1033 Pyrgos
1258 951 1356 1012 lledce
1371 951 1522 1017 Colchidis,
1540 962 1615 1034 petra

354 1057 485 1128 rotunda,
501 1057 529 1117 in
544 1056 679 1118 directum
695 1056 834 1117 tumulum
849 1056 928 1117 eluta.

317 1173 332 1224 5
395 1159 534 1221 Llllllllll.
559 1158 633 1220 Ultra
648 1158 759 1243 Pyrgon
775 1157 877 1221 lledeas
895 1159 984 1220 insula
1001 1159 1115 1226 exsistit,
1138 1179 1201 1241 quae
1221 1160 1304 1219 nioris
1320 1159 1473 1241 perturbati
1488 1158 1617 1219 fluctibus

353 1262 488 1332 obruitur,
510 1262 657 1346 tranquillo
675 1263 744 1322 mari
764 1262 905 1323 manifesta
927 1273 1050 1345 apparet.
1067 1261 1155 1344 Hujus
1170 1271 1304 1321 extremas
1324 1272 1414 1345 partes
1435 1271 1462 1322 ct
1476 1262 1618 1322 cacumina

355 1367 473 1448 Cyaneas
488 1365 679 1435 nominarunt,
695 1364 892 1426 sesecundum
909 1365 1000 1425 Asiam
1013 1374 1110 1424 natura
1124 1384 1220 1446 expers
1234 1375 1304 1425 esset
1318 1364 1469 1425 insularum
1486 1373 1512 1425 et
1527 1363 1617 1424 sabula

355 1469 408 1530 lide
429 1480 545 1535 careret,
571 1468 694 1530 tradente
716 1468 838 1552 Cyaneas
860 1468 925 1530 olim
947 1469 1018 1529 inter
1040 1489 1068 1528 se
1088 1467 1269 1533 concurrisse,
1292 1467 1543 1551 Symplegadesque
1558 1490 1573 1527 a
1588 1490 1618 1527 re

354 1596 416 1657 qum
441 1572 582 1633 accidisset
608 1571 763 1633 nominatas
783 1593 855 1642 esse;
872 1571 935 1633 inde
954 1572 1097 1632 stationem
1117 1571 1224 1631 firmam
1248 1571 1349 1633 habere
1371 1570 1445 1655 apud
1472 1581 1619 1655 vitrarnque

303 1686 334 1739 ro
354 1677 552 1741 continentem,
563 1674 597 1735 ad
613 1674 713 1735 vadum
731 1675 814 1735 maris
829 1674 886 1735 suis
902 1673 1041 1735 radicibus
1055 1673 1208 1735 adnitentes
1224 1673 1291 1743 lato,
1307 1674 1335 1734 in
1351 1683 1617 1758 utramquepartem

355 1779 533 1861 separationis
547 1787 685 1839 seruantes
701 1777 794 1838 sideru.

397 1881 451 1943 AC.
477 1881 541 1941 Post
555 1881 678 1964 Cyaneas
689 1891 731 1941 est
744 1882 964 1963 promontorium
980 1882 1117 1941 Coracium
1131 1890 1158 1941 et
1173 1880 1258 1942 latum
1274 1881 1362 1948 littus,
1375 1881 1418 1941 cui
1435 1902 1533 1941 nornen
1552 1887 1620 1939 llar-

354 1990 473 2063 τείχιον,
490 1983 525 2044 ab
539 1984 719 2045 exstructione
734 1983 868 2044 fossarum
884 2005 994 2044 omnem
1009 1983 1082 2045 bunc
1094 1983 1184 2045 locum
1201 1983 1389 2044 ambientium.

399 2087 465 2147 llCl.
488 2086 659 2148 Panticbium
671 2084 754 2147 Cbelra
766 2085 981 2169 subsequuntur,
992 2108 1111 2170 quarum
1122 2086 1214 2147 ulterae
1226 2086 1399 2146 nominatoea
1413 2087 1516 2168 ligura.
1529 2087 1620 2146 altera·

303 2203 335 2255 15
356 2190 391 2251 ab
403 2191 462 2251 aliis
477 2189 559 2251 rebus
573 2189 756 2274 appellantur.

399 2292 477 2354 xtlt.
500 2292 565 2353 Post
579 2291 677 2353 Chelas
691 2302 732 2352 est
747 2301 936 2374 nuncupatum
952 2291 1050 2352 Hieron
1066 2292 1135 2372 (boc
1152 2301 1193 2352 est
1207 2291 1323 2372 lituum)
1339 2314 1353 2351 a
1371 2292 1477 2374 Pbryxo
1492 2293 1619 2374 Nephele·

356 2407 382 2456 et
402 2395 570 2456 Athamantis
586 2395 641 2456 Alio
660 2394 838 2463 edificatum,
859 2416 946 2478 quum
965 2395 1105 2479 navigaret
1124 2394 1159 2454 ad
1174 2394 1332 2462 Colchos,a
1353 2394 1491 2477 Byzantiis
1506 2394 1618 2478 quidem

357 2520 525 2582 possessum,
542 2497 591 2560 sed
606 2518 751 2559 commune
767 2498 969 2580 receptaculum
985 2497 1109 2558 omnium
1123 2498 1321 2582 navigantium.
1332 2497 1422 2580 Supra
1436 2499 1569 2580 templum
1579 2508 1618 2558 est

356 2603 488 2664 nrurusin
496 2602 591 2663 orbem
602 2601 766 2685 procedeus3
778 2602 806 2661 in
818 2601 869 2661 boc
880 2611 973 2661 estarx
981 2600 1097 2668 munita,
1108 2622 1193 2684 quam
1201 2599 1516 2685 Galataepopulatisunt,
1529 2603 1619 2663 utalia

301 2719 336 2770 ‘td
357 2707 487 2789 pleraque
501 2706 579 2766 Asiae.
595 2703 731 2766 Possessio
746 2715 837 2765 autem
854 2703 921 2764 Fani
934 2713 1106 2764 controversa
1117 2703 1182 2771 luit,
1200 2704 1293 2764 multis
1308 2705 1397 2786 ipsam
1412 2703 1464 2764 sibi
1479 2704 1621 2764 vindican-

357 2808 428 2869 tibus
443 2809 478 2869 ad
493 2819 602 2891 tempus
617 2808 687 2869 mari
700 2807 912 2890 imperantibus,
924 2806 971 2867 sed
987 2808 1104 2867 maxime
1116 2807 1240 2868 omnium
1256 2806 1429 2868 Chalcedonii
1443 2806 1516 2868 bunc
1531 2807 1619 2868 locuni

356 2911 407 2972 sibi
419 2910 626 2973 bereditarium
638 2932 757 2971 asserere
771 2909 954 2979 conabantur;
965 2919 1153 2971 verumtamen
1164 2911 1300 2993 possessio
1308 2931 1416 2993 semper
1424 2911 1554 2972 remansit
1567 2909 1621 2993 Bp-

356 3015 465 3085 zantiis,
478 3015 543 3074 olim
559 3014 672 3098 quidem
688 3013 725 3075 ob
741 3014 923 3097 principatum
937 3023 965 3074 et
982 3013 1161 3074 domesticum
1180 3014 1265 3075 robur
1283 3012 1391 3095 (multis
1410 3014 1483 3074 enim
1505 3013 1620 3074 rioribus

357 3138 432 3177 mare
447 3116 652 3198 possidebant).
668 3138 764 3177 rursus
778 3137 940 3199 veroquam
956 3116 1084 3177 emissent
1096 3138 1111 3176 a
1124 3116 1271 3178 Callimede
1282 3116 1386 3178 Seleuci
1398 3118 1530 3177 exercitus
1541 3116 1619 3179 duce.

302 3233 336 3284 25
400 3219 492 3282 XClll.
516 3218 545 3280 ln
556 3220 634 3282 lano.
649 3267 655 3278 .
670 3229 772 3281 statua
784 3240 853 3280 aerea
867 3229 908 3281 est
920 3221 1041 3304 antiquas
1051 3221 1132 3288 artis,
1145 3229 1252 3281 atatem
1265 3220 1398 3303 puerilem
1410 3222 1619 3303 praeseferens,

357 3322 470 3383 tendens
485 3344 594 3383 manus.
612 3323 708 3384 Causae
723 3323 816 3384 multae
831 3323 990 3392 afferuntur,
1008 3345 1057 3384 cur
1070 3325 1129 3386 baec
1142 3333 1231 3385 statua
1243 3324 1278 3385 sit
1295 3325 1323 3384 in
1337 3324 1407 3384 banc
1423 3323 1540 3408 liguram
1556 3347 1622 3386 con-

357 3428 480 3488 formata.
497 3425 633 3498 Quidam.
648 3474 653 3484 .
670 3474 675 3486 .
688 3427 765 3487 aiunt
779 3426 899 3487 audaciae
913 3427 1025 3510 signum
1040 3448 1099 3488 esse
1113 3427 1316 3512 navigantium,
1332 3426 1471 3488 deterrens
1484 3430 1619 3489 temerita-

358 3540 410 3590 tem
424 3530 605 3613 navigationis
621 3530 750 3614 periculis
765 3530 888 3613 plenam,
908 3540 991 3613 atque
1006 3530 1150 3592 ostendens
1169 3531 1342 3593 redeuntium
1357 3530 1452 3592 salutis
1467 3529 1620 3592 felicitatem

357 3642 384 3694 et
399 3633 543 3715 pietatem:
558 3632 699 3695 nonenim
713 3632 885 3694 sineterrore
895 3643 1045 3716 utrumque
1057 3642 1106 3694 est.
1121 3633 1171 3694 Alii
1187 3632 1282 3695 dicunt
1297 3655 1414 3717 puerum
1430 3633 1456 3693 in
1473 3632 1562 3695 littore
1577 3656 1620 3694 er-

302 3748 337 3800 30
359 3747 462 3798 cantem
478 3735 617 3819 aliquanto
633 3745 696 3820 post
711 3736 816 3797 venisse
831 3758 915 3819 quam
938 3758 952 3797 e
972 3745 1054 3818 portu
1067 3737 1144 3797 navis
1159 3737 1245 3797 soluta
1259 3746 1344 3806 esset,
1359 3737 1506 3820 salutisque
1521 3735 1618 3820 despe

358 3839 461 3899 ratione
473 3838 600 3898 allectum
615 3859 714 3899 manus
729 3837 764 3898 ad
776 3840 875 3900 coelum
889 3837 1012 3909 tendere3
1030 3839 1109 3922 pueri
1122 3849 1213 3899 autem
1226 3861 1320 3923 preces
1335 3839 1417 3900 deum
1431 3840 1619 3902 exaudientem

257 3954 261 3963 “
358 3941 496 4001 reduxisse
511 3962 607 4002 navem
622 3941 650 4002 in
666 3950 787 4024 portum.
806 3941 856 4002 Alii
874 3942 952 4002 aiunt
966 3942 995 4002 in
1010 3963 1109 4026 magna
1126 3944 1208 4003 araris
1226 3943 1435 4026 tranquillitate,
1453 3945 1620 4004 omniventri

359 4045 465 4112 silente,
475 4066 543 4105 nave
553 4043 601 4105 diu
610 4043 759 4111 retardata,
770 4054 867 4105 nautas
879 4045 970 4128 inopia
984 4055 1065 4128 potus
1075 4044 1223 4107 laborasse:
1238 4046 1374 4106 navarcho
1385 4056 1477 4106 autem
1488 4046 1620 4107 visionem

359 4147 502 4217 insedisse,
519 4147 664 4231 jubentem
689 4157 720 4209 ut
734 4147 887 4209 navarchus
904 4148 993 4209 filium
1008 4170 1091 4209 suum
1111 4149 1293 4217 sacrificaret,
1310 4149 1452 4209 nonenim
1468 4147 1521 4210 alio
1539 4150 1622 4211 modo

303 4262 337 4315 35
359 4273 438 4334 posse
453 4251 560 4334 assequi
571 4261 754 4312 commeatum
768 4261 795 4312 et
804 4259 906 4312 ventos.
923 4249 1063 4313 Navarcbo
1078 4251 1236 4313 necessitate
1250 4262 1343 4314 coacto
1358 4262 1384 4313 et
1395 4262 1490 4334 parato
1502 4275 1620 4335 puerum

359 4354 524 4424 sacrificare,
539 4375 637 4414 manus
651 4353 764 4438 quidem
781 4375 897 4438 puerum
910 4353 1068 4425 tetendisse,
1085 4353 1168 4416 deum
1184 4376 1247 4415 vcro
1266 4355 1450 4417 misericordia
1464 4366 1569 4417 motum
1586 4357 1621 4418 ob

359 4457 510 4517 absurdum
526 4459 603 4540 pauori
622 4458 788 4541 supplicium
810 4458 901 4541 obque
922 4458 1001 4541 pueri
1022 4467 1128 4519 aetatem
1144 4459 1286 4519 sustulisse
1306 4480 1438 4542 puerum,
1461 4469 1487 4519 ot
1510 4472 1620 4522 ventum

401 4628 422 4660 ι.
435 4606 685 4681 ⁰ancoram=dyrmpu
696 4606 762 4660 unde
771 4599 913 4679 Ayxdpcrou
924 4608 951 4661 F.
1041 4607 1051 4680 ΙΙ
1069 4611 1109 4662 16.
1125 4608 1179 4661 inde
1189 4607 1313 4680 subjungit
1329 4607 1436 4680 Dionysii
1452 4606 1558 4681 Arruplru
1568 4622 1620 4681 post

360 4684 503 4764 Ayudpmov
517 4692 551 4745 tl.
563 4691 695 4763 Ancyreum
705 4691 744 4745 Gb
753 4690 807 4762 (ed.
815 4691 952 4765 princeps).
1030 4690 1167 4746 Cbelasesre
1175 4691 1237 4766 Gbll
1247 4694 1334 4747 its-25.
1346 4693 1430 4747 Graece
1438 4693 1507 4765 ponit
1515 4686 1587 4762 Ιερὸν
1596 4694 1621 4746 in

360 4776 431 4829 Ponit
442 4775 514 4828 modo
525 4775 659 4847 Ancyreum
669 4774 743 4830 modo
753 4774 902 4848 Aacyrusum
912 4776 951 4829 ed.
1027 4777 1203 4829 commentario
1214 4777 1260 4837 Gb.
1280 4775 1289 4848 Η
1311 4777 1354 4830 ab.
1364 4798 1376 4825 a
1388 4775 1490 4830 tendens
1507 4795 1594 4830 manus
1608 4797 1620 4824 a

361 4858 459 4912 Elaevir.
474 4859 483 4931 ll
497 4878 521 4931 7.
533 4859 667 4931 rrmsubulu
677 4878 738 4914 corr.
750 4860 784 4914 bl.
799 4858 809 4934 ΙΙ
827 4880 867 4913 ιι.
880 4859 953 4933 [Dio-
1027 4859 1090 4913 conl.
1103 4860 1242 4913 Plrilostrat.
1257 4862 1332 4933 lmaq.
1347 4861 1369 4925 l,
1378 4879 1425 4923 ru,
1438 4879 1466 4922 a,
1478 4880 1502 4934 p.
1518 4861 1570 4931 3qu
1582 4860 1621 4913 ed.

359 4943 454 5015 nysius}
466 4944 500 4995 uit
509 4954 562 5015 post
575 4942 679 5015 Cyaneos
691 4964 740 4997 esse
750 4943 812 5017 del
822 4963 829 4996 ι
838 4945 862 4997 A.
871 4944 953 5000 ttrite
1029 4944 1103 4999 Didot
1114 4966 1120 4997 r
1131 4948 1198 4997 καὶὸ
1212 4932 1282 5017 Epora
1297 4947 1337 4997 ἐπὶ
1352 4954 1381 5013 τῇ
1392 4947 1475 5018 πέτρᾳ
1489 4947 1563 4997 τείνει
1576 4949 1621 5002 τὴν

359 5029 613 5101 :Xatul(ut)supra
621 5069 627 5089 .
636 5047 661 5101 p.
672 5048 719 5093 sn,
730 5028 747 5081 l.
761 5047 789 5100 ¹7
803 5029 842 5083 od.
855 5037 951 5083 nostru.
1026 5037 1101 5102 χεῖρα
1111 5032 1137 5083 ἐς
1149 5033 1194 5100 τὴν
1204 5029 1347 5088 &alterium
