<?xml version="1.0" encoding="UTF-8"?>
<!DOCTYPE html PUBLIC "-//W3C//DTD XHTML 1.0 Transitional//EN"
    "http://www.w3.org/TR/xhtml1/DTD/xhtml1-transitional.dtd">
<html xmlns="http://www.w3.org/1999/xhtml" xml:lang="en" lang="en">
 <head>
  <title>
</title>
<meta http-equiv="Content-Type" content="text/html;charset=utf-8" />
  <meta name='ocr-system' content='tesseract 3.04.00' />
  <meta name='ocr-capabilities' content='ocr_page ocr_carea ocr_par ocr_line ocrx_word'/>
</head>
<body>
  <div class='ocr_page' id='page_1' title='image "./dionysioubyzant00wescgoog_0071.png"; bbox 0 0 4282 6368; ppageno 0'>
   <div class='ocr_carea' id='block_1_1' title="bbox 706 606 1619 672">
    <p class='ocr_par' dir='ltr' id='par_1_1' title="bbox 706 606 1619 672">
     <span class='ocr_line' id='line_1_1' title="bbox 706 606 1619 672; baseline 0.005 -5"><span class='ocrx_word' id='word_1_1' title='bbox 706 607 779 669; x_wconf 85' lang='lat' dir='ltr'><strong>PEII</strong></span> <span class='ocrx_word' id='word_1_2' title='bbox 804 606 1024 669; x_wconf 81' lang='lat' dir='ltr'><strong>nosronun</strong></span> <span class='ocrx_word' id='word_1_3' title='bbox 1046 606 1275 671; x_wconf 76' lang='lat' dir='ltr'><strong>nnvmnnto.</strong></span> <span class='ocrx_word' id='word_1_4' title='bbox 1581 610 1619 672; x_wconf 62' lang='grc' dir='ltr'><strong>ΙΙ</strong></span> 
     </span>
    </p>
   </div>
   <div class='ocr_carea' id='block_1_2' title="bbox 356 748 1623 1039">
    <p class='ocr_par' dir='ltr' id='par_1_2' title="bbox 356 748 1623 1039">
     <span class='ocr_line' id='line_1_2' title="bbox 399 748 1622 833; baseline 0 -22"><span class='ocrx_word' id='word_1_5' title='bbox 399 748 513 811; x_wconf 80' lang='lat' dir='ltr'><strong>LXXIV.</strong></span> <span class='ocrx_word' id='word_1_6' title='bbox 536 749 757 811; x_wconf 87' lang='lat' dir='ltr'><strong>Promontorium</strong></span> <span class='ocrx_word' id='word_1_7' title='bbox 771 760 960 833; x_wconf 89' lang='lat' dir='ltr'><strong>nuncupatum</strong></span> <span class='ocrx_word' id='word_1_8' title='bbox 972 750 1075 811; x_wconf 88' lang='lat' dir='ltr'><strong>SImam</strong></span> <span class='ocrx_word' id='word_1_9' title='bbox 1091 760 1301 833; x_wconf 71' lang='lat' dir='ltr'><strong>praetergressos</strong></span> <span class='ocrx_word' id='word_1_10' title='bbox 1315 749 1415 833; x_wconf 84' lang='lat' dir='ltr'><strong>excipit</strong></span> <span class='ocrx_word' id='word_1_11' title='bbox 1425 749 1568 811; x_wconf 69' lang='lat' dir='ltr'><em>Scletrinas</em></span> <span class='ocrx_word' id='word_1_12' title='bbox 1585 753 1622 811; x_wconf 92' lang='lat' dir='ltr'><strong>si-</strong></span> 
     </span>
     <span class='ocr_line' id='line_1_3' title="bbox 357 853 1623 937; baseline 0.002 -25"><span class='ocrx_word' id='word_1_13' title='bbox 357 875 421 922; x_wconf 85' lang='lat' dir='ltr'><strong>nns,</strong></span> <span class='ocrx_word' id='word_1_14' title='bbox 439 854 529 914; x_wconf 89' lang='lat' dir='ltr'><strong>nescio</strong></span> <span class='ocrx_word' id='word_1_15' title='bbox 545 863 638 913; x_wconf 89' lang='lat' dir='ltr'><strong>utrum</strong></span> <span class='ocrx_word' id='word_1_16' title='bbox 653 875 685 913; x_wconf 91' lang='lat' dir='ltr'><strong>ex</strong></span> <span class='ocrx_word' id='word_1_17' title='bbox 698 853 845 935; x_wconf 88' lang='lat' dir='ltr'><strong>asperitate</strong></span> <span class='ocrx_word' id='word_1_18' title='bbox 859 853 991 914; x_wconf 79' lang='lat' dir='ltr'><strong>silvestris</strong></span> <span class='ocrx_word' id='word_1_19' title='bbox 1007 862 1098 919; x_wconf 85' lang='lat' dir='ltr'><strong>terrae.</strong></span> <span class='ocrx_word' id='word_1_20' title='bbox 1116 874 1187 914; x_wconf 88' lang='lat' dir='ltr'><strong>anne</strong></span> <span class='ocrx_word' id='word_1_21' title='bbox 1202 875 1217 914; x_wconf 91' lang='lat' dir='ltr'><strong>a</strong></span> <span class='ocrx_word' id='word_1_22' title='bbox 1234 853 1349 915; x_wconf 91' lang='lat' dir='ltr'><strong>IInminc</strong></span> <span class='ocrx_word' id='word_1_23' title='bbox 1366 853 1435 914; x_wconf 90' lang='lat' dir='ltr'><strong>inse</strong></span> <span class='ocrx_word' id='word_1_24' title='bbox 1452 853 1542 937; x_wconf 88' lang='lat' dir='ltr'><strong>ipsum</strong></span> <span class='ocrx_word' id='word_1_25' title='bbox 1559 854 1623 915; x_wconf 84' lang='lat' dir='ltr'><strong>des·</strong></span> 
     </span>
     <span class='ocr_line' id='line_1_4' title="bbox 356 956 1621 1039; baseline -0.002 -22"><span class='ocrx_word' id='word_1_26' title='bbox 356 956 496 1018; x_wconf 81' lang='lat' dir='ltr'><strong>uendente.</strong></span> <span class='ocrx_word' id='word_1_27' title='bbox 511 956 599 1039; x_wconf 82' lang='lat' dir='ltr'><strong>Itque</strong></span> <span class='ocrx_word' id='word_1_28' title='bbox 613 957 696 1017; x_wconf 92' lang='lat' dir='ltr'><strong>etiam</strong></span> <span class='ocrx_word' id='word_1_29' title='bbox 712 956 863 1018; x_wconf 84' lang='lat' dir='ltr'><strong>succedunt</strong></span> <span class='ocrx_word' id='word_1_30' title='bbox 877 978 932 1017; x_wconf 82' lang='lat' dir='ltr'><strong>ore</strong></span> <span class='ocrx_word' id='word_1_31' title='bbox 947 957 1074 1038; x_wconf 73' lang='lat' dir='ltr'><em>Apollinis</em></span> <span class='ocrx_word' id='word_1_32' title='bbox 1089 971 1113 1017; x_wconf 88' lang='lat' dir='ltr'><strong>ct</strong></span> <span class='ocrx_word' id='word_1_33' title='bbox 1127 956 1224 1018; x_wconf 84' lang='lat' dir='ltr'><strong>Matris</strong></span> <span class='ocrx_word' id='word_1_34' title='bbox 1239 956 1336 1020; x_wconf 77' lang='lat' dir='ltr'><strong>Dextro.</strong></span> <span class='ocrx_word' id='word_1_35' title='bbox 1351 968 1378 1017; x_wconf 86' lang='lat' dir='ltr'><strong>et</strong></span> <span class='ocrx_word' id='word_1_36' title='bbox 1388 956 1464 1017; x_wconf 90' lang='lat' dir='ltr'><strong>brevi</strong></span> <span class='ocrx_word' id='word_1_37' title='bbox 1481 956 1621 1018; x_wconf 82' lang='lat' dir='ltr'><strong>interuallo</strong></span> 
     </span>
    </p>
   </div>
   <div class='ocr_carea' id='block_1_3' title="bbox 356 1059 683 1142">
    <p class='ocr_par' dir='ltr' id='par_1_3' title="bbox 356 1059 683 1142">
     <span class='ocr_line' id='line_1_5' title="bbox 356 1059 683 1142; baseline 0.003 -23"><span class='ocrx_word' id='word_1_38' title='bbox 356 1059 389 1119; x_wconf 87' lang='lat' dir='ltr'><strong>ad</strong></span> <span class='ocrx_word' id='word_1_39' title='bbox 404 1059 521 1120; x_wconf 88' lang='lat' dir='ltr'><strong>Pontum</strong></span> <span class='ocrx_word' id='word_1_40' title='bbox 536 1060 683 1142; x_wconf 78' lang='lat' dir='ltr'><strong>navigatio.</strong></span> 
     </span>
    </p>
   </div>
   <div class='ocr_carea' id='block_1_4' title="bbox 304 1162 1622 2275">
    <p class='ocr_par' dir='ltr' id='par_1_4' title="bbox 305 1162 1621 1760">
     <span class='ocr_line' id='line_1_6' title="bbox 320 1162 1621 1246; baseline 0 -23"><span class='ocrx_word' id='word_1_41' title='bbox 320 1173 335 1223; x_wconf 77' lang='lat'>5</span> <span class='ocrx_word' id='word_1_42' title='bbox 399 1162 500 1223; x_wconf 87' lang='lat' dir='ltr'>LXXV.</span> <span class='ocrx_word' id='word_1_43' title='bbox 524 1162 601 1222; x_wconf 84' lang='lat' dir='ltr'><strong>Post.</strong></span> <span class='ocrx_word' id='word_1_44' title='bbox 616 1210 622 1221; x_wconf 87' lang='lat'><strong>.</strong></span> <span class='ocrx_word' id='word_1_45' title='bbox 637 1163 810 1223; x_wconf 80' lang='lat' dir='ltr'><strong>‚Scletrirram</strong></span> <span class='ocrx_word' id='word_1_46' title='bbox 833 1164 966 1223; x_wconf 88' lang='lat' dir='ltr'><strong>exsistunt</strong></span> <span class='ocrx_word' id='word_1_47' title='bbox 987 1163 1081 1224; x_wconf 83' lang='lat' dir='ltr'><strong>Milton</strong></span> <span class='ocrx_word' id='word_1_48' title='bbox 1108 1165 1326 1246; x_wconf 73' lang='lat' dir='ltr'>promontorium</span> <span class='ocrx_word' id='word_1_49' title='bbox 1356 1162 1529 1224; x_wconf 88' lang='lat' dir='ltr'><strong>nominatum</strong></span> <span class='ocrx_word' id='word_1_50' title='bbox 1549 1184 1564 1221; x_wconf 90' lang='lat' dir='ltr'><strong>a</strong></span> <span class='ocrx_word' id='word_1_51' title='bbox 1584 1164 1621 1223; x_wconf 88' lang='lat' dir='ltr'><strong>si-</strong></span> 
     </span>
     <span class='ocr_line' id='line_1_7' title="bbox 356 1265 1621 1350; baseline -0.001 -24"><span class='ocrx_word' id='word_1_52' title='bbox 356 1265 509 1327; x_wconf 86' lang='lat' dir='ltr'><strong>militudIne</strong></span> <span class='ocrx_word' id='word_1_53' title='bbox 524 1265 635 1334; x_wconf 90' lang='lat' dir='ltr'><strong>coloris,</strong></span> <span class='ocrx_word' id='word_1_54' title='bbox 654 1275 736 1349; x_wconf 72' lang='lat' dir='ltr'><strong>nuptie</strong></span> <span class='ocrx_word' id='word_1_55' title='bbox 752 1266 879 1350; x_wconf 78' lang='lat' dir='ltr'><strong>contigno</strong></span> <span class='ocrx_word' id='word_1_56' title='bbox 900 1265 1000 1327; x_wconf 90' lang='lat' dir='ltr'><strong>domus</strong></span> <span class='ocrx_word' id='word_1_57' title='bbox 1022 1265 1165 1349; x_wconf 86' lang='lat' dir='ltr'><strong>cujusdam</strong></span> <span class='ocrx_word' id='word_1_58' title='bbox 1189 1266 1333 1335; x_wconf 76' lang='lat' dir='ltr'><strong>nauarchi,</strong></span> <span class='ocrx_word' id='word_1_59' title='bbox 1354 1277 1380 1327; x_wconf 88' lang='lat' dir='ltr'><strong>et</strong></span> <span class='ocrx_word' id='word_1_60' title='bbox 1401 1266 1477 1326; x_wconf 90' lang='lat' dir='ltr'><strong>littus</strong></span> <span class='ocrx_word' id='word_1_61' title='bbox 1501 1265 1621 1326; x_wconf 88' lang='lat' dir='ltr'><strong>arduum</strong></span> 
     </span>
     <span class='ocr_line' id='line_1_8' title="bbox 354 1367 1621 1452; baseline 0.002 -26"><span class='ocrx_word' id='word_1_62' title='bbox 354 1368 545 1452; x_wconf 88' lang='lat' dir='ltr'><strong>directumque</strong></span> <span class='ocrx_word' id='word_1_63' title='bbox 552 1378 580 1430; x_wconf 90' lang='lat' dir='ltr'><strong>et</strong></span> <span class='ocrx_word' id='word_1_64' title='bbox 590 1368 772 1452; x_wconf 74' lang='lat' dir='ltr'><strong>proecipitIum</strong></span> <span class='ocrx_word' id='word_1_65' title='bbox 782 1367 817 1428; x_wconf 89' lang='lat' dir='ltr'><strong>od</strong></span> <span class='ocrx_word' id='word_1_66' title='bbox 830 1369 893 1429; x_wconf 91' lang='lat' dir='ltr'><strong>solis</strong></span> <span class='ocrx_word' id='word_1_67' title='bbox 901 1378 992 1429; x_wconf 89' lang='lat' dir='ltr'><strong>ortum</strong></span> <span class='ocrx_word' id='word_1_68' title='bbox 1005 1370 1176 1430; x_wconf 82' lang='lat' dir='ltr'><strong>inclinatum.</strong></span> <span class='ocrx_word' id='word_1_69' title='bbox 1189 1369 1267 1431; x_wconf 87' lang='lat' dir='ltr'><strong>Circa</strong></span> <span class='ocrx_word' id='word_1_70' title='bbox 1282 1379 1373 1430; x_wconf 88' lang='lat' dir='ltr'><strong>nutem</strong></span> <span class='ocrx_word' id='word_1_71' title='bbox 1390 1370 1481 1451; x_wconf 85' lang='lat' dir='ltr'><strong>ipsum</strong></span> <span class='ocrx_word' id='word_1_72' title='bbox 1495 1379 1535 1429; x_wconf 83' lang='lat' dir='ltr'><strong>est</strong></span> <span class='ocrx_word' id='word_1_73' title='bbox 1545 1390 1621 1429; x_wconf 80' lang='lat' dir='ltr'><strong>inme</strong></span> 
     </span>
     <span class='ocr_line' id='line_1_9' title="bbox 355 1470 1621 1537; baseline 0.002 -8"><span class='ocrx_word' id='word_1_74' title='bbox 355 1471 443 1531; x_wconf 71' lang='lat' dir='ltr'><strong>tranlis</strong></span> <span class='ocrx_word' id='word_1_75' title='bbox 459 1470 630 1537; x_wconf 80' lang='lat' dir='ltr'><strong>distinctum,</strong></span> <span class='ocrx_word' id='word_1_76' title='bbox 650 1481 677 1530; x_wconf 90' lang='lat' dir='ltr'><strong>et</strong></span> <span class='ocrx_word' id='word_1_77' title='bbox 699 1471 798 1530; x_wconf 80' lang='lat' dir='ltr'><strong>Fanum</strong></span> <span class='ocrx_word' id='word_1_78' title='bbox 819 1482 947 1532; x_wconf 91' lang='lat' dir='ltr'><strong>cunctum</strong></span> <span class='ocrx_word' id='word_1_79' title='bbox 967 1483 1061 1533; x_wconf 87' lang='lat' dir='ltr'><strong>eontra</strong></span> <span class='ocrx_word' id='word_1_80' title='bbox 1082 1472 1198 1533; x_wconf 88' lang='lat' dir='ltr'><strong>frontem</strong></span> <span class='ocrx_word' id='word_1_81' title='bbox 1219 1472 1285 1532; x_wconf 80' lang='lat' dir='ltr'><strong>Fami</strong></span> <span class='ocrx_word' id='word_1_82' title='bbox 1303 1472 1412 1532; x_wconf 72' lang='lat' dir='ltr'><strong>Asiatici</strong></span> <span class='ocrx_word' id='word_1_83' title='bbox 1430 1472 1523 1533; x_wconf 88' lang='lat' dir='ltr'><strong>sitnm.</strong></span> <span class='ocrx_word' id='word_1_84' title='bbox 1539 1471 1621 1532; x_wconf 81' lang='lat' dir='ltr'><strong>Aiunt</strong></span> 
     </span>
     <span class='ocr_line' id='line_1_10' title="bbox 356 1573 1620 1658; baseline 0 -24"><span class='ocrx_word' id='word_1_85' title='bbox 356 1574 399 1634; x_wconf 74' lang='lat' dir='ltr'><strong>bu</strong></span> <span class='ocrx_word' id='word_1_86' title='bbox 408 1573 535 1635; x_wconf 77' lang='lat' dir='ltr'>Iasonem</span> <span class='ocrx_word' id='word_1_87' title='bbox 547 1574 631 1657; x_wconf 86' lang='lat' dir='ltr'><strong>[vatis</strong></span> <span class='ocrx_word' id='word_1_88' title='bbox 638 1574 733 1658; x_wconf 75' lang='lat' dir='ltr'><strong>jussal</strong></span> <span class='ocrx_word' id='word_1_89' title='bbox 745 1575 836 1634; x_wconf 89' lang='lat' dir='ltr'><strong>litasse</strong></span> <span class='ocrx_word' id='word_1_90' title='bbox 848 1574 993 1636; x_wconf 84' lang='lat' dir='ltr'><strong>duodecim</strong></span> <span class='ocrx_word' id='word_1_91' title='bbox 1005 1576 1066 1636; x_wconf 89' lang='lat' dir='ltr'><strong>diis.</strong></span> <span class='ocrx_word' id='word_1_92' title='bbox 1082 1575 1145 1636; x_wconf 78' lang='lat' dir='ltr'><strong>Haec</strong></span> <span class='ocrx_word' id='word_1_93' title='bbox 1158 1575 1219 1636; x_wconf 89' lang='lat' dir='ltr'><strong>fano</strong></span> <span class='ocrx_word' id='word_1_94' title='bbox 1231 1586 1296 1635; x_wconf 90' lang='lat' dir='ltr'><strong>sunt</strong></span> <span class='ocrx_word' id='word_1_95' title='bbox 1310 1574 1444 1658; x_wconf 87' lang='lat' dir='ltr'><strong>oppidula</strong></span> <span class='ocrx_word' id='word_1_96' title='bbox 1452 1575 1530 1657; x_wconf 86' lang='lat' dir='ltr'><strong>juxta</strong></span> <span class='ocrx_word' id='word_1_97' title='bbox 1542 1574 1620 1635; x_wconf 92' lang='lat' dir='ltr'><strong>Ponti</strong></span> 
     </span>
     <span class='ocr_line' id='line_1_11' title="bbox 305 1677 1620 1760; baseline 0.002 -23"><span class='ocrx_word' id='word_1_98' title='bbox 305 1686 335 1737; x_wconf 81' lang='lat' dir='ltr'><strong>ttt</strong></span> <span class='ocrx_word' id='word_1_99' title='bbox 355 1678 455 1738; x_wconf 89' lang='lat' dir='ltr'><strong>ostiam</strong></span> <span class='ocrx_word' id='word_1_100' title='bbox 466 1679 565 1760; x_wconf 89' lang='lat' dir='ltr'><strong>posita.</strong></span> <span class='ocrx_word' id='word_1_101' title='bbox 582 1677 630 1738; x_wconf 91' lang='lat' dir='ltr'><strong>Est</strong></span> <span class='ocrx_word' id='word_1_102' title='bbox 644 1678 726 1738; x_wconf 89' lang='lat' dir='ltr'><strong>etiam</strong></span> <span class='ocrx_word' id='word_1_103' title='bbox 740 1677 859 1758; x_wconf 82' lang='lat' dir='ltr'><strong>terrrplum</strong></span> <span class='ocrx_word' id='word_1_104' title='bbox 872 1678 934 1739; x_wconf 80' lang='lat' dir='ltr'><strong>Dea</strong></span> <span class='ocrx_word' id='word_1_105' title='bbox 945 1677 1071 1758; x_wconf 76' lang='lat' dir='ltr'><strong>Plsrppire</strong></span> <span class='ocrx_word' id='word_1_106' title='bbox 1090 1698 1199 1737; x_wconf 85' lang='lat' dir='ltr'><strong>socrum</strong></span> <span class='ocrx_word' id='word_1_107' title='bbox 1217 1678 1321 1739; x_wconf 88' lang='lat' dir='ltr'><strong>illustre</strong></span> <span class='ocrx_word' id='word_1_108' title='bbox 1338 1688 1364 1738; x_wconf 89' lang='lat' dir='ltr'><strong>et</strong></span> <span class='ocrx_word' id='word_1_109' title='bbox 1384 1677 1491 1760; x_wconf 80' lang='lat' dir='ltr'><strong>prxblice</strong></span> <span class='ocrx_word' id='word_1_110' title='bbox 1507 1678 1620 1739; x_wconf 83' lang='lat' dir='ltr'><strong>cultum</strong></span> 
     </span>
    </p>

    <p class='ocr_par' dir='ltr' id='par_1_5' title="bbox 304 1776 1622 2275">
     <span class='ocr_line' id='line_1_12' title="bbox 399 1776 1621 1861; baseline 0.002 -24"><span class='ocrx_word' id='word_1_111' title='bbox 399 1776 513 1840; x_wconf 89' lang='lat' dir='ltr'>LXXVI.</span> <span class='ocrx_word' id='word_1_112' title='bbox 528 1779 594 1840; x_wconf 90' lang='lat' dir='ltr'><strong>Post</strong></span> <span class='ocrx_word' id='word_1_113' title='bbox 605 1779 663 1839; x_wconf 87' lang='lat' dir='ltr'><strong>haec</strong></span> <span class='ocrx_word' id='word_1_114' title='bbox 672 1777 868 1860; x_wconf 77' lang='lat' dir='ltr'><strong>Chrysorrhoas</strong></span> <span class='ocrx_word' id='word_1_115' title='bbox 884 1778 983 1839; x_wconf 88' lang='lat' dir='ltr'><strong>fluvius</strong></span> <span class='ocrx_word' id='word_1_116' title='bbox 993 1800 1044 1861; x_wconf 91' lang='lat' dir='ltr'><strong>per</strong></span> <span class='ocrx_word' id='word_1_117' title='bbox 1055 1788 1202 1861; x_wconf 75' lang='lat' dir='ltr'><strong>angustam</strong></span> <span class='ocrx_word' id='word_1_118' title='bbox 1218 1789 1245 1839; x_wconf 87' lang='lat' dir='ltr'><strong>et</strong></span> <span class='ocrx_word' id='word_1_119' title='bbox 1258 1780 1334 1840; x_wconf 88' lang='lat' dir='ltr'><strong>aditu</strong></span> <span class='ocrx_word' id='word_1_120' title='bbox 1345 1779 1482 1840; x_wconf 87' lang='lat' dir='ltr'><strong>diflicilem</strong></span> <span class='ocrx_word' id='word_1_121' title='bbox 1494 1779 1591 1840; x_wconf 85' lang='lat' dir='ltr'><strong>nollem</strong></span> <span class='ocrx_word' id='word_1_122' title='bbox 1606 1802 1621 1839; x_wconf 91' lang='lat' dir='ltr'><strong>a</strong></span> 
     </span>
     <span class='ocr_line' id='line_1_13' title="bbox 357 1881 1622 1966; baseline 0.002 -24"><span class='ocrx_word' id='word_1_123' title='bbox 357 1890 433 1966; x_wconf 76' lang='lat' dir='ltr'><strong>tergo</strong></span> <span class='ocrx_word' id='word_1_124' title='bbox 448 1883 565 1964; x_wconf 87' lang='lat' dir='ltr'><strong>positam</strong></span> <span class='ocrx_word' id='word_1_125' title='bbox 579 1881 715 1949; x_wconf 79' lang='lat' dir='ltr'><strong>delabitur</strong></span> <span class='ocrx_word' id='word_1_126' title='bbox 730 1882 782 1942; x_wconf 92' lang='lat' dir='ltr'><strong>leni</strong></span> <span class='ocrx_word' id='word_1_127' title='bbox 799 1882 891 1948; x_wconf 88' lang='lat' dir='ltr'><strong>Iqun,</strong></span> <span class='ocrx_word' id='word_1_128' title='bbox 908 1903 1019 1943; x_wconf 83' lang='lat' dir='ltr'><strong>arenam</strong></span> <span class='ocrx_word' id='word_1_129' title='bbox 1032 1904 1101 1942; x_wconf 90' lang='lat' dir='ltr'><strong>auro</strong></span> <span class='ocrx_word' id='word_1_130' title='bbox 1114 1882 1231 1943; x_wconf 81' lang='lat' dir='ltr'><strong>similem</strong></span> <span class='ocrx_word' id='word_1_131' title='bbox 1242 1882 1376 1944; x_wconf 89' lang='lat' dir='ltr'><strong>deferens.</strong></span> <span class='ocrx_word' id='word_1_132' title='bbox 1390 1882 1466 1944; x_wconf 88' lang='lat' dir='ltr'><strong>Circa</strong></span> <span class='ocrx_word' id='word_1_133' title='bbox 1479 1882 1552 1944; x_wconf 91' lang='lat' dir='ltr'><strong>hunc</strong></span> <span class='ocrx_word' id='word_1_134' title='bbox 1565 1904 1622 1944; x_wconf 90' lang='lat' dir='ltr'><strong>sec-</strong></span> 
     </span>
     <span class='ocr_line' id='line_1_14' title="bbox 356 1983 1620 2054; baseline 0.004 -11"><span class='ocrx_word' id='word_1_135' title='bbox 356 1994 425 2044; x_wconf 83' lang='lat' dir='ltr'><strong>turae</strong></span> <span class='ocrx_word' id='word_1_136' title='bbox 439 1997 516 2052; x_wconf 85' lang='lat' dir='ltr'><strong>sunt.</strong></span> <span class='ocrx_word' id='word_1_137' title='bbox 540 1995 567 2045; x_wconf 91' lang='lat' dir='ltr'><strong>et</strong></span> <span class='ocrx_word' id='word_1_138' title='bbox 580 1995 661 2046; x_wconf 73' lang='lat' dir='ltr'><strong>terrea</strong></span> <span class='ocrx_word' id='word_1_139' title='bbox 681 1983 827 2054; x_wconf 79' lang='lat' dir='ltr'><strong>fossiones,</strong></span> <span class='ocrx_word' id='word_1_140' title='bbox 844 1992 872 2044; x_wconf 89' lang='lat' dir='ltr'><strong>et</strong></span> <span class='ocrx_word' id='word_1_141' title='bbox 893 1983 1010 2045; x_wconf 91' lang='lat' dir='ltr'><strong>cnnicnli</strong></span> <span class='ocrx_word' id='word_1_142' title='bbox 1028 1985 1079 2045; x_wconf 85' lang='lat' dir='ltr'><strong>acti</strong></span> <span class='ocrx_word' id='word_1_143' title='bbox 1101 1983 1135 2045; x_wconf 89' lang='lat' dir='ltr'><strong>od</strong></span> <span class='ocrx_word' id='word_1_144' title='bbox 1151 1985 1313 2046; x_wconf 88' lang='lat' dir='ltr'><strong>scrutandas</strong></span> <span class='ocrx_word' id='word_1_145' title='bbox 1335 1985 1508 2047; x_wconf 88' lang='lat' dir='ltr'><strong>metallorum</strong></span> <span class='ocrx_word' id='word_1_146' title='bbox 1525 2007 1620 2048; x_wconf 88' lang='lat' dir='ltr'><strong>venas.</strong></span> 
     </span>
     <span class='ocr_line' id='line_1_15' title="bbox 354 2085 1620 2171; baseline 0.002 -24"><span class='ocrx_word' id='word_1_147' title='bbox 354 2088 533 2171; x_wconf 88' lang='lat' dir='ltr'><strong>antiquorum</strong></span> <span class='ocrx_word' id='word_1_148' title='bbox 545 2088 666 2148; x_wconf 82' lang='lat' dir='ltr'><strong>virorum</strong></span> <span class='ocrx_word' id='word_1_149' title='bbox 682 2108 765 2170; x_wconf 89' lang='lat' dir='ltr'><strong>opera</strong></span> <span class='ocrx_word' id='word_1_150' title='bbox 776 2086 957 2147; x_wconf 75' lang='lat' dir='ltr'><strong>scrutantium</strong></span> <span class='ocrx_word' id='word_1_151' title='bbox 968 2085 1060 2148; x_wconf 89' lang='lat' dir='ltr'><strong>divitis</strong></span> <span class='ocrx_word' id='word_1_152' title='bbox 1073 2096 1152 2148; x_wconf 78' lang='lat' dir='ltr'><strong>terras</strong></span> <span class='ocrx_word' id='word_1_153' title='bbox 1165 2088 1316 2149; x_wconf 73' lang='lat' dir='ltr'><strong>facultates</strong></span> <span class='ocrx_word' id='word_1_154' title='bbox 1330 2088 1412 2149; x_wconf 86' lang='lat' dir='ltr'><strong>Panlo</strong></span> <span class='ocrx_word' id='word_1_155' title='bbox 1424 2088 1495 2148; x_wconf 87' lang='lat' dir='ltr'><strong>ultra</strong></span> <span class='ocrx_word' id='word_1_156' title='bbox 1507 2090 1620 2150; x_wconf 81' lang='lat' dir='ltr'><strong>fluxium</strong></span> 
     </span>
     <span class='ocr_line' id='line_1_16' title="bbox 304 2189 1619 2275; baseline -0.002 -20"><span class='ocrx_word' id='word_1_157' title='bbox 304 2203 335 2255; x_wconf 79' lang='grc'><strong>15</strong></span> <span class='ocrx_word' id='word_1_158' title='bbox 355 2202 420 2251; x_wconf 89' lang='lat' dir='ltr'><strong>sunt</strong></span> <span class='ocrx_word' id='word_1_159' title='bbox 434 2201 592 2274; x_wconf 87' lang='lat' dir='ltr'><strong>nuncupato</strong></span> <span class='ocrx_word' id='word_1_160' title='bbox 608 2189 741 2258; x_wconf 83' lang='lat' dir='ltr'><strong>Clmlcoeo,</strong></span> <span class='ocrx_word' id='word_1_161' title='bbox 756 2189 831 2251; x_wconf 89' lang='lat' dir='ltr'><strong>Iocns</strong></span> <span class='ocrx_word' id='word_1_162' title='bbox 846 2190 951 2251; x_wconf 85' lang='lat' dir='ltr'><strong>uicinos</strong></span> <span class='ocrx_word' id='word_1_163' title='bbox 961 2191 1030 2252; x_wconf 89' lang='lat' dir='ltr'><strong>mari</strong></span> <span class='ocrx_word' id='word_1_164' title='bbox 1042 2191 1178 2252; x_wconf 88' lang='lat' dir='ltr'><strong>fluctuoso</strong></span> <span class='ocrx_word' id='word_1_165' title='bbox 1193 2190 1380 2274; x_wconf 86' lang='lat' dir='ltr'><strong>quidem,sed</strong></span> <span class='ocrx_word' id='word_1_166' title='bbox 1397 2201 1487 2252; x_wconf 90' lang='lat' dir='ltr'><strong>tamen</strong></span> <span class='ocrx_word' id='word_1_167' title='bbox 1501 2192 1619 2275; x_wconf 87' lang='lat' dir='ltr'><strong>piscoso:</strong></span> 
     </span>
    </p>
   </div>
   <div class='ocr_carea' id='block_1_5' title="bbox 355 2293 820 2354">
    <p class='ocr_par' dir='ltr' id='par_1_6' title="bbox 355 2293 820 2354">
     <span class='ocr_line' id='line_1_17' title="bbox 355 2293 820 2354; baseline -0.004 -1"><span class='ocrx_word' id='word_1_168' title='bbox 355 2293 513 2354; x_wconf 90' lang='lat' dir='ltr'><strong>nominatus</strong></span> <span class='ocrx_word' id='word_1_169' title='bbox 528 2303 569 2354; x_wconf 89' lang='lat' dir='ltr'><strong>est</strong></span> <span class='ocrx_word' id='word_1_170' title='bbox 583 2293 619 2354; x_wconf 94' lang='lat' dir='ltr'><strong>ab</strong></span> <span class='ocrx_word' id='word_1_171' title='bbox 633 2315 687 2354; x_wconf 87' lang='lat' dir='ltr'><strong>aere</strong></span> <span class='ocrx_word' id='word_1_172' title='bbox 701 2294 820 2354; x_wconf 86' lang='lat' dir='ltr'><strong>metallo.</strong></span> 
     </span>
    </p>
   </div>
   <div class='ocr_carea' id='block_1_6' title="bbox 301 2394 1624 4025">
    <p class='ocr_par' dir='ltr' id='par_1_7' title="bbox 301 2394 1624 3511">
     <span class='ocr_line' id='line_1_18' title="bbox 399 2394 1620 2480; baseline 0.002 -23"><span class='ocrx_word' id='word_1_173' title='bbox 399 2394 525 2457; x_wconf 86' lang='lat' dir='ltr'>LXXVII.</span> <span class='ocrx_word' id='word_1_174' title='bbox 550 2395 579 2456; x_wconf 93' lang='lat' dir='ltr'><strong>In</strong></span> <span class='ocrx_word' id='word_1_175' title='bbox 600 2417 708 2456; x_wconf 88' lang='lat' dir='ltr'><strong>summo</strong></span> <span class='ocrx_word' id='word_1_176' title='bbox 729 2396 828 2458; x_wconf 85' lang='lat' dir='ltr'><strong>vertice</strong></span> <span class='ocrx_word' id='word_1_177' title='bbox 849 2396 938 2465; x_wconf 92' lang='lat' dir='ltr'><strong>collis,</strong></span> <span class='ocrx_word' id='word_1_178' title='bbox 962 2395 1113 2458; x_wconf 90' lang='lat' dir='ltr'><strong>secundom</strong></span> <span class='ocrx_word' id='word_1_179' title='bbox 1133 2418 1216 2480; x_wconf 85' lang='lat' dir='ltr'><strong>qnam</strong></span> <span class='ocrx_word' id='word_1_180' title='bbox 1244 2395 1385 2458; x_wconf 88' lang='lat' dir='ltr'><strong>descendit</strong></span> <span class='ocrx_word' id='word_1_181' title='bbox 1404 2396 1620 2480; x_wconf 74' lang='lat' dir='ltr'><strong>Chrysorrhoas,</strong></span> 
     </span>
     <span class='ocr_line' id='line_1_19' title="bbox 355 2497 1622 2582; baseline 0.002 -22"><span class='ocrx_word' id='word_1_182' title='bbox 355 2499 459 2560; x_wconf 85' lang='lat' dir='ltr'><strong>exsistit</strong></span> <span class='ocrx_word' id='word_1_183' title='bbox 472 2499 568 2560; x_wconf 79' lang='lat' dir='ltr'><strong>I&#39;irnoo</strong></span> <span class='ocrx_word' id='word_1_184' title='bbox 578 2499 659 2559; x_wconf 82' lang='lat' dir='ltr'><strong>turris</strong></span> <span class='ocrx_word' id='word_1_185' title='bbox 670 2497 822 2560; x_wconf 88' lang='lat' dir='ltr'><strong>admodum</strong></span> <span class='ocrx_word' id='word_1_186' title='bbox 832 2498 950 2571; x_wconf 87' lang='lat' dir='ltr'><strong>excelsa,</strong></span> <span class='ocrx_word' id='word_1_187' title='bbox 964 2500 1160 2582; x_wconf 90' lang='lat' dir='ltr'><strong>circumspecta</strong></span> <span class='ocrx_word' id='word_1_188' title='bbox 1168 2548 1175 2569; x_wconf 91' lang='lat'><strong>,</strong></span> <span class='ocrx_word' id='word_1_189' title='bbox 1184 2509 1211 2561; x_wconf 89' lang='lat' dir='ltr'><strong>et</strong></span> <span class='ocrx_word' id='word_1_190' title='bbox 1221 2500 1359 2582; x_wconf 87' lang='lat' dir='ltr'><strong>permulto</strong></span> <span class='ocrx_word' id='word_1_191' title='bbox 1372 2500 1441 2560; x_wconf 87' lang='lat' dir='ltr'><strong>mari</strong></span> <span class='ocrx_word' id='word_1_192' title='bbox 1452 2500 1577 2568; x_wconf 82' lang='lat' dir='ltr'><strong>illustris,</strong></span> <span class='ocrx_word' id='word_1_193' title='bbox 1587 2503 1622 2563; x_wconf 92' lang='lat' dir='ltr'><strong>ad</strong></span> 
     </span>
     <span class='ocr_line' id='line_1_20' title="bbox 355 2600 1622 2687; baseline 0.005 -26"><span class='ocrx_word' id='word_1_194' title='bbox 355 2602 471 2664; x_wconf 86' lang='lat' dir='ltr'><strong>salutem</strong></span> <span class='ocrx_word' id='word_1_195' title='bbox 487 2602 675 2687; x_wconf 76' lang='lat' dir='ltr'><strong>navigantium</strong></span> <span class='ocrx_word' id='word_1_196' title='bbox 691 2603 815 2663; x_wconf 87' lang='lat' dir='ltr'><strong>excitata.</strong></span> <span class='ocrx_word' id='word_1_197' title='bbox 832 2600 954 2686; x_wconf 87' lang='lat' dir='ltr'><strong>Utraque</strong></span> <span class='ocrx_word' id='word_1_198' title='bbox 966 2603 1039 2664; x_wconf 92' lang='lat' dir='ltr'><strong>enim</strong></span> <span class='ocrx_word' id='word_1_199' title='bbox 1051 2602 1129 2664; x_wconf 88' lang='lat' dir='ltr'><strong>Ponti</strong></span> <span class='ocrx_word' id='word_1_200' title='bbox 1142 2625 1206 2685; x_wconf 88' lang='lat' dir='ltr'><strong>pars</strong></span> <span class='ocrx_word' id='word_1_201' title='bbox 1220 2614 1294 2665; x_wconf 89' lang='lat' dir='ltr'><strong>caret</strong></span> <span class='ocrx_word' id='word_1_202' title='bbox 1305 2602 1441 2686; x_wconf 90' lang='lat' dir='ltr'><strong>portubus</strong></span> <span class='ocrx_word' id='word_1_203' title='bbox 1454 2625 1536 2665; x_wconf 84' lang='lat' dir='ltr'><strong>naves</strong></span> <span class='ocrx_word' id='word_1_204' title='bbox 1550 2608 1622 2667; x_wconf 89' lang='lat' dir='ltr'><strong>exci-</strong></span> 
     </span>
     <span class='ocr_line' id='line_1_21' title="bbox 301 2704 1621 2789; baseline 0.001 -22"><span class='ocrx_word' id='word_1_205' title='bbox 301 2717 335 2767; x_wconf 78' lang='lat' dir='ltr'><strong>nn</strong></span> <span class='ocrx_word' id='word_1_206' title='bbox 356 2705 504 2788; x_wconf 88' lang='lat' dir='ltr'><strong>pientihus.</strong></span> <span class='ocrx_word' id='word_1_207' title='bbox 521 2705 588 2766; x_wconf 88' lang='lat' dir='ltr'><strong>Nam</strong></span> <span class='ocrx_word' id='word_1_208' title='bbox 600 2705 683 2766; x_wconf 90' lang='lat' dir='ltr'><strong>moris</strong></span> <span class='ocrx_word' id='word_1_209' title='bbox 698 2704 814 2766; x_wconf 89' lang='lat' dir='ltr'><strong>insedati</strong></span> <span class='ocrx_word' id='word_1_210' title='bbox 828 2715 856 2767; x_wconf 91' lang='lat' dir='ltr'><strong>et</strong></span> <span class='ocrx_word' id='word_1_211' title='bbox 872 2705 1021 2767; x_wconf 87' lang='lat' dir='ltr'><strong>turbulenti</strong></span> <span class='ocrx_word' id='word_1_212' title='bbox 1034 2707 1109 2767; x_wconf 89' lang='lat' dir='ltr'><strong>littus</strong></span> <span class='ocrx_word' id='word_1_213' title='bbox 1119 2706 1235 2789; x_wconf 73' lang='lat' dir='ltr'><strong>longum</strong></span> <span class='ocrx_word' id='word_1_214' title='bbox 1250 2706 1278 2767; x_wconf 90' lang='lat' dir='ltr'><strong>in</strong></span> <span class='ocrx_word' id='word_1_215' title='bbox 1294 2717 1422 2767; x_wconf 89' lang='lat' dir='ltr'><strong>neutram</strong></span> <span class='ocrx_word' id='word_1_216' title='bbox 1438 2707 1621 2769; x_wconf 88' lang='lat' dir='ltr'><strong>continentem</strong></span> 
     </span>
     <span class='ocr_line' id='line_1_22' title="bbox 356 2802 1623 2892; baseline 0.001 -22"><span class='ocrx_word' id='word_1_217' title='bbox 356 2808 484 2870; x_wconf 89' lang='lat' dir='ltr'><strong>flexiones</strong></span> <span class='ocrx_word' id='word_1_218' title='bbox 497 2808 588 2869; x_wconf 90' lang='lat' dir='ltr'><strong>habet.</strong></span> <span class='ocrx_word' id='word_1_219' title='bbox 603 2808 641 2870; x_wconf 84' lang='lat' dir='ltr'><strong>Ex</strong></span> <span class='ocrx_word' id='word_1_220' title='bbox 656 2802 707 2870; x_wconf 79' lang='lat' dir='ltr'><strong>hac</strong></span> <span class='ocrx_word' id='word_1_221' title='bbox 717 2818 794 2870; x_wconf 88' lang='lat' dir='ltr'><strong>turre</strong></span> <span class='ocrx_word' id='word_1_222' title='bbox 809 2808 878 2870; x_wconf 85' lang='lat' dir='ltr'><strong>foces</strong></span> <span class='ocrx_word' id='word_1_223' title='bbox 891 2808 1018 2870; x_wconf 89' lang='lat' dir='ltr'><strong>ardentes</strong></span> <span class='ocrx_word' id='word_1_224' title='bbox 1032 2818 1116 2870; x_wconf 92' lang='lat' dir='ltr'><strong>noctu</strong></span> <span class='ocrx_word' id='word_1_225' title='bbox 1126 2809 1242 2872; x_wconf 81' lang='lat' dir='ltr'><strong>subtuae</strong></span> <span class='ocrx_word' id='word_1_226' title='bbox 1256 2809 1473 2892; x_wconf 82' lang='lat' dir='ltr'><strong>perforabantur,</strong></span> <span class='ocrx_word' id='word_1_227' title='bbox 1484 2811 1623 2871; x_wconf 71' lang='lat' dir='ltr'><strong>rectoriae</strong></span> 
     </span>
     <span class='ocr_line' id='line_1_23' title="bbox 355 2910 1623 2994; baseline 0.002 -22"><span class='ocrx_word' id='word_1_228' title='bbox 355 2911 391 2972; x_wconf 90' lang='lat' dir='ltr'><strong>ad</strong></span> <span class='ocrx_word' id='word_1_229' title='bbox 406 2910 484 2972; x_wconf 89' lang='lat' dir='ltr'><strong>Ponti</strong></span> <span class='ocrx_word' id='word_1_230' title='bbox 500 2913 600 2972; x_wconf 90' lang='lat' dir='ltr'><strong>ostium</strong></span> <span class='ocrx_word' id='word_1_231' title='bbox 616 2910 708 2972; x_wconf 89' lang='lat' dir='ltr'><strong>duces.</strong></span> <span class='ocrx_word' id='word_1_232' title='bbox 722 2911 754 2972; x_wconf 85' lang='lat' dir='ltr'><strong>dt</strong></span> <span class='ocrx_word' id='word_1_233' title='bbox 765 2910 876 2972; x_wconf 88' lang='lat' dir='ltr'><strong>barbari</strong></span> <span class='ocrx_word' id='word_1_234' title='bbox 889 2933 1015 2973; x_wconf 88' lang='lat' dir='ltr'><strong>verarum</strong></span> <span class='ocrx_word' id='word_1_235' title='bbox 1025 2912 1125 2974; x_wconf 89' lang='lat' dir='ltr'><strong>facium</strong></span> <span class='ocrx_word' id='word_1_236' title='bbox 1141 2912 1223 2973; x_wconf 81' lang='lat' dir='ltr'><strong>fidem</strong></span> <span class='ocrx_word' id='word_1_237' title='bbox 1235 2911 1410 2979; x_wconf 83' lang='lat' dir='ltr'><strong>auferebant.</strong></span> <span class='ocrx_word' id='word_1_238' title='bbox 1423 2912 1623 2994; x_wconf 84' lang='lat' dir='ltr'><strong>praetendentes</strong></span> 
     </span>
     <span class='ocr_line' id='line_1_24' title="bbox 356 3013 1624 3097; baseline 0.002 -23"><span class='ocrx_word' id='word_1_239' title='bbox 356 3037 386 3074; x_wconf 86' lang='lat' dir='ltr'><strong>ox</strong></span> <span class='ocrx_word' id='word_1_240' title='bbox 397 3013 561 3097; x_wconf 78' lang='lat' dir='ltr'><strong>Salmydessi</strong></span> <span class='ocrx_word' id='word_1_241' title='bbox 572 3014 709 3075; x_wconf 87' lang='lat' dir='ltr'><strong>littoribus</strong></span> <span class='ocrx_word' id='word_1_242' title='bbox 720 3013 906 3076; x_wconf 86' lang='lat' dir='ltr'><strong>fraudulentas</strong></span> <span class='ocrx_word' id='word_1_243' title='bbox 915 3014 1000 3086; x_wconf 87' lang='lat' dir='ltr'><strong>faces,</strong></span> <span class='ocrx_word' id='word_1_244' title='bbox 1009 3025 1040 3076; x_wconf 89' lang='lat' dir='ltr'><strong>ut</strong></span> <span class='ocrx_word' id='word_1_245' title='bbox 1048 3015 1077 3075; x_wconf 90' lang='lat' dir='ltr'><strong>in</strong></span> <span class='ocrx_word' id='word_1_246' title='bbox 1089 3037 1210 3078; x_wconf 88' lang='lat' dir='ltr'><strong>errorem</strong></span> <span class='ocrx_word' id='word_1_247' title='bbox 1222 3026 1320 3076; x_wconf 88' lang='lat' dir='ltr'><strong>nautas</strong></span> <span class='ocrx_word' id='word_1_248' title='bbox 1333 3015 1507 3083; x_wconf 88' lang='lat' dir='ltr'><strong>inducerent,</strong></span> <span class='ocrx_word' id='word_1_249' title='bbox 1517 3017 1544 3076; x_wconf 94' lang='lat' dir='ltr'><strong>in</strong></span> <span class='ocrx_word' id='word_1_250' title='bbox 1557 3037 1624 3077; x_wconf 91' lang='lat' dir='ltr'><strong>nau·</strong></span> 
     </span>
     <span class='ocr_line' id='line_1_25' title="bbox 355 3115 1623 3202; baseline 0.001 -24"><span class='ocrx_word' id='word_1_251' title='bbox 355 3118 499 3202; x_wconf 79' lang='lat' dir='ltr'><strong>fragiaque</strong></span> <span class='ocrx_word' id='word_1_252' title='bbox 520 3115 714 3179; x_wconf 88' lang='lat' dir='ltr'><strong>subducerent.</strong></span> <span class='ocrx_word' id='word_1_253' title='bbox 737 3115 792 3178; x_wconf 87' lang='lat' dir='ltr'><strong>Ora</strong></span> <span class='ocrx_word' id='word_1_254' title='bbox 808 3116 882 3177; x_wconf 86' lang='lat' dir='ltr'><strong>enlm</strong></span> <span class='ocrx_word' id='word_1_255' title='bbox 902 3117 1039 3179; x_wconf 89' lang='lat' dir='ltr'><strong>maritima</strong></span> <span class='ocrx_word' id='word_1_256' title='bbox 1061 3118 1231 3200; x_wconf 87' lang='lat' dir='ltr'><strong>importuosa</strong></span> <span class='ocrx_word' id='word_1_257' title='bbox 1246 3128 1300 3186; x_wconf 83' lang='lat' dir='ltr'><strong>est,</strong></span> <span class='ocrx_word' id='word_1_258' title='bbox 1317 3127 1344 3179; x_wconf 91' lang='lat' dir='ltr'><strong>et</strong></span> <span class='ocrx_word' id='word_1_259' title='bbox 1362 3117 1445 3177; x_wconf 87' lang='lat' dir='ltr'><strong>moris</strong></span> <span class='ocrx_word' id='word_1_260' title='bbox 1465 3117 1566 3178; x_wconf 81' lang='lat' dir='ltr'><strong>vadum</strong></span> <span class='ocrx_word' id='word_1_261' title='bbox 1587 3118 1623 3179; x_wconf 95' lang='lat' dir='ltr'><strong>ob</strong></span> 
     </span>
     <span class='ocr_line' id='line_1_26' title="bbox 302 3220 1622 3304; baseline 0 -23"><span class='ocrx_word' id='word_1_262' title='bbox 302 3230 335 3282; x_wconf 72' lang='lat'><strong>25</strong></span> <span class='ocrx_word' id='word_1_263' title='bbox 355 3242 495 3282; x_wconf 88' lang='lat' dir='ltr'><strong>excessum</strong></span> <span class='ocrx_word' id='word_1_264' title='bbox 507 3241 643 3303; x_wconf 88' lang='lat' dir='ltr'><strong>aquarum</strong></span> <span class='ocrx_word' id='word_1_265' title='bbox 660 3220 766 3281; x_wconf 86' lang='lat' dir='ltr'><strong>ancoris</strong></span> <span class='ocrx_word' id='word_1_266' title='bbox 779 3240 835 3280; x_wconf 88' lang='lat' dir='ltr'><strong>non</strong></span> <span class='ocrx_word' id='word_1_267' title='bbox 850 3220 976 3289; x_wconf 88' lang='lat' dir='ltr'><strong>firmum,</strong></span> <span class='ocrx_word' id='word_1_268' title='bbox 989 3230 1016 3280; x_wconf 91' lang='lat' dir='ltr'><strong>et</strong></span> <span class='ocrx_word' id='word_1_269' title='bbox 1028 3232 1156 3303; x_wconf 85' lang='lat' dir='ltr'><strong>paratum</strong></span> <span class='ocrx_word' id='word_1_270' title='bbox 1170 3220 1214 3281; x_wconf 90' lang='lat' dir='ltr'><strong>his</strong></span> <span class='ocrx_word' id='word_1_271' title='bbox 1228 3221 1276 3304; x_wconf 89' lang='lat' dir='ltr'><strong>qui</strong></span> <span class='ocrx_word' id='word_1_272' title='bbox 1292 3220 1480 3281; x_wconf 84' lang='lat' dir='ltr'><strong>aberrarunta</strong></span> <span class='ocrx_word' id='word_1_273' title='bbox 1495 3230 1568 3283; x_wconf 87' lang='lat' dir='ltr'><strong>recta</strong></span> <span class='ocrx_word' id='word_1_274' title='bbox 1579 3222 1622 3281; x_wconf 85' lang='lat' dir='ltr'><strong>nio</strong></span> 
     </span>
     <span class='ocr_line' id='line_1_27' title="bbox 356 3323 1621 3408; baseline -0.001 -25"><span class='ocrx_word' id='word_1_275' title='bbox 356 3323 544 3407; x_wconf 73' lang='lat' dir='ltr'><strong>naufragium,</strong></span> <span class='ocrx_word' id='word_1_276' title='bbox 562 3323 729 3407; x_wconf 71' lang='lat' dir='ltr'><strong>signisveris</strong></span> <span class='ocrx_word' id='word_1_277' title='bbox 744 3323 864 3385; x_wconf 88' lang='lat' dir='ltr'><strong>confusis</strong></span> <span class='ocrx_word' id='word_1_278' title='bbox 879 3344 943 3384; x_wconf 90' lang='lat' dir='ltr'><strong>cum</strong></span> <span class='ocrx_word' id='word_1_279' title='bbox 956 3323 1029 3383; x_wconf 89' lang='lat' dir='ltr'><strong>falsis</strong></span> <span class='ocrx_word' id='word_1_280' title='bbox 1046 3323 1301 3408; x_wconf 83' lang='lat' dir='ltr'><strong>significationibus.</strong></span> <span class='ocrx_word' id='word_1_281' title='bbox 1322 3323 1382 3383; x_wconf 88' lang='lat' dir='ltr'><strong>lam</strong></span> <span class='ocrx_word' id='word_1_282' title='bbox 1400 3345 1464 3384; x_wconf 87' lang='lat' dir='ltr'><strong>vero</strong></span> <span class='ocrx_word' id='word_1_283' title='bbox 1484 3323 1621 3386; x_wconf 90' lang='lat' dir='ltr'><strong>lucernam</strong></span> 
     </span>
     <span class='ocr_line' id='line_1_28' title="bbox 356 3426 1453 3511; baseline 0.002 -24"><span class='ocrx_word' id='word_1_284' title='bbox 356 3427 482 3488; x_wconf 83' lang='lat' dir='ltr'><strong>exstinxit</strong></span> <span class='ocrx_word' id='word_1_285' title='bbox 493 3437 601 3509; x_wconf 90' lang='lat' dir='ltr'><strong>tempus</strong></span> <span class='ocrx_word' id='word_1_286' title='bbox 617 3427 709 3487; x_wconf 91' lang='lat' dir='ltr'><strong>omnia</strong></span> <span class='ocrx_word' id='word_1_287' title='bbox 724 3447 901 3495; x_wconf 88' lang='lat' dir='ltr'><strong>consumens,</strong></span> <span class='ocrx_word' id='word_1_288' title='bbox 917 3438 945 3488; x_wconf 92' lang='lat' dir='ltr'><strong>et</strong></span> <span class='ocrx_word' id='word_1_289' title='bbox 960 3427 1057 3487; x_wconf 89' lang='lat' dir='ltr'><strong>turrim</strong></span> <span class='ocrx_word' id='word_1_290' title='bbox 1070 3448 1171 3511; x_wconf 77' lang='lat' dir='ltr'><strong>magna</strong></span> <span class='ocrx_word' id='word_1_291' title='bbox 1182 3448 1213 3487; x_wconf 87' lang='lat' dir='ltr'><strong>ex</strong></span> <span class='ocrx_word' id='word_1_292' title='bbox 1231 3436 1309 3509; x_wconf 86' lang='lat' dir='ltr'><strong>parte</strong></span> <span class='ocrx_word' id='word_1_293' title='bbox 1322 3426 1453 3489; x_wconf 86' lang='lat' dir='ltr'><strong>dissolvit.</strong></span> 
     </span>
    </p>

    <p class='ocr_par' dir='ltr' id='par_1_8' title="bbox 302 3529 1624 3921">
     <span class='ocr_line' id='line_1_29' title="bbox 398 3529 1621 3613; baseline 0.001 -21"><span class='ocrx_word' id='word_1_294' title='bbox 398 3529 537 3592; x_wconf 87' lang='lat' dir='ltr'>LXXVIII.</span> <span class='ocrx_word' id='word_1_295' title='bbox 562 3530 625 3592; x_wconf 91' lang='lat' dir='ltr'><strong>His.</strong></span> <span class='ocrx_word' id='word_1_296' title='bbox 640 3576 647 3590; x_wconf 91' lang='lat'><strong>.</strong></span> <span class='ocrx_word' id='word_1_297' title='bbox 662 3540 738 3592; x_wconf 91' lang='lat' dir='ltr'><strong>.ante</strong></span> <span class='ocrx_word' id='word_1_298' title='bbox 749 3531 970 3592; x_wconf 87' lang='lat' dir='ltr'><strong>commemoratis</strong></span> <span class='ocrx_word' id='word_1_299' title='bbox 984 3530 1050 3591; x_wconf 87' lang='lat' dir='ltr'><strong>locis</strong></span> <span class='ocrx_word' id='word_1_300' title='bbox 1069 3531 1211 3613; x_wconf 87' lang='lat' dir='ltr'><strong>proximus</strong></span> <span class='ocrx_word' id='word_1_301' title='bbox 1223 3529 1344 3591; x_wconf 86' lang='lat' dir='ltr'><strong>succedit</strong></span> <span class='ocrx_word' id='word_1_302' title='bbox 1354 3529 1522 3613; x_wconf 83' lang='lat' dir='ltr'><strong>Phosphorus</strong></span> <span class='ocrx_word' id='word_1_303' title='bbox 1533 3530 1621 3594; x_wconf 88' lang='lat' dir='ltr'><strong>Iocus.</strong></span> 
     </span>
     <span class='ocr_line' id='line_1_30' title="bbox 356 3632 1288 3719; baseline -0.001 -25"><span class='ocrx_word' id='word_1_304' title='bbox 356 3635 405 3719; x_wconf 87' lang='lat' dir='ltr'><strong>qui</strong></span> <span class='ocrx_word' id='word_1_305' title='bbox 420 3634 461 3695; x_wconf 80' lang='lat' dir='ltr'><strong>nel</strong></span> <span class='ocrx_word' id='word_1_306' title='bbox 477 3655 492 3694; x_wconf 94' lang='lat' dir='ltr'><strong>a</strong></span> <span class='ocrx_word' id='word_1_307' title='bbox 509 3633 595 3694; x_wconf 84' lang='lat' dir='ltr'><strong>Diana</strong></span> <span class='ocrx_word' id='word_1_308' title='bbox 612 3633 652 3694; x_wconf 91' lang='lat' dir='ltr'><strong>vel</strong></span> <span class='ocrx_word' id='word_1_309' title='bbox 669 3655 684 3693; x_wconf 92' lang='lat' dir='ltr'><strong>a</strong></span> <span class='ocrx_word' id='word_1_310' title='bbox 700 3633 787 3694; x_wconf 85' lang='lat' dir='ltr'><strong>vicina</strong></span> <span class='ocrx_word' id='word_1_311' title='bbox 803 3634 915 3717; x_wconf 90' lang='lat' dir='ltr'><strong>antiqua</strong></span> <span class='ocrx_word' id='word_1_312' title='bbox 930 3632 1018 3716; x_wconf 90' lang='lat' dir='ltr'><strong>pharo</strong></span> <span class='ocrx_word' id='word_1_313' title='bbox 1030 3654 1182 3716; x_wconf 83' lang='lat' dir='ltr'><strong>cognomen</strong></span> <span class='ocrx_word' id='word_1_314' title='bbox 1201 3633 1288 3693; x_wconf 90' lang='lat' dir='ltr'><strong>traxit.</strong></span> 
     </span>
     <span class='ocr_line' id='line_1_31' title="bbox 302 3733 1624 3818; baseline 0.002 -26"><span class='ocrx_word' id='word_1_315' title='bbox 302 3744 336 3796; x_wconf 85' lang='lat' dir='ltr'><strong>so</strong></span> <span class='ocrx_word' id='word_1_316' title='bbox 398 3736 514 3798; x_wconf 82' lang='lat' dir='ltr'>LXXIX.</span> <span class='ocrx_word' id='word_1_317' title='bbox 538 3735 608 3797; x_wconf 91' lang='lat' dir='ltr'><strong>IIuic</strong></span> <span class='ocrx_word' id='word_1_318' title='bbox 630 3735 789 3818; x_wconf 86' lang='lat' dir='ltr'><strong>adjunctum</strong></span> <span class='ocrx_word' id='word_1_319' title='bbox 805 3746 833 3797; x_wconf 90' lang='lat' dir='ltr'><strong>et</strong></span> <span class='ocrx_word' id='word_1_320' title='bbox 852 3736 993 3797; x_wconf 90' lang='lat' dir='ltr'><strong>continens</strong></span> <span class='ocrx_word' id='word_1_321' title='bbox 1015 3735 1129 3818; x_wconf 77' lang='lat' dir='ltr'><strong>longum</strong></span> <span class='ocrx_word' id='word_1_322' title='bbox 1150 3737 1225 3796; x_wconf 90' lang='lat' dir='ltr'><strong>littus</strong></span> <span class='ocrx_word' id='word_1_323' title='bbox 1249 3745 1376 3796; x_wconf 85' lang='lat' dir='ltr'><strong>vocatum</strong></span> <span class='ocrx_word' id='word_1_324' title='bbox 1399 3733 1569 3816; x_wconf 80' lang='lat' dir='ltr'><strong>Ephesiorum</strong></span> <span class='ocrx_word' id='word_1_325' title='bbox 1584 3743 1624 3795; x_wconf 84' lang='lat' dir='ltr'><strong>est</strong></span> 
     </span>
     <span class='ocr_line' id='line_1_32' title="bbox 353 3836 1234 3921; baseline -0.001 -24"><span class='ocrx_word' id='word_1_326' title='bbox 353 3853 461 3918; x_wconf 79' lang='lat' dir='ltr'><strong>portus,</strong></span> <span class='ocrx_word' id='word_1_327' title='bbox 476 3861 490 3899; x_wconf 90' lang='lat' dir='ltr'><strong>a</strong></span> <span class='ocrx_word' id='word_1_328' title='bbox 505 3838 597 3899; x_wconf 89' lang='lat' dir='ltr'><strong>multis</strong></span> <span class='ocrx_word' id='word_1_329' title='bbox 613 3836 729 3898; x_wconf 71' lang='lat' dir='ltr'><strong>nasibus</strong></span> <span class='ocrx_word' id='word_1_330' title='bbox 744 3837 926 3921; x_wconf 85' lang='lat' dir='ltr'><strong>Ephesiorum</strong></span> <span class='ocrx_word' id='word_1_331' title='bbox 939 3837 994 3898; x_wconf 91' lang='lat' dir='ltr'><strong>huc</strong></span> <span class='ocrx_word' id='word_1_332' title='bbox 1007 3837 1140 3921; x_wconf 85' lang='lat' dir='ltr'><strong>appulsis.</strong></span> <span class='ocrx_word' id='word_1_333' title='bbox 1231 3902 1234 3907; x_wconf 58' lang='grc'><strong>,</strong></span> 
     </span>
    </p>

    <p class='ocr_par' dir='ltr' id='par_1_9' title="bbox 398 3937 1621 4025">
     <span class='ocr_line' id='line_1_33' title="bbox 398 3937 1621 4025; baseline -0.003 -24"><span class='ocrx_word' id='word_1_334' title='bbox 398 3940 501 4005; x_wconf 86' lang='lat' dir='ltr'>LXXX.</span> <span class='ocrx_word' id='word_1_335' title='bbox 526 3941 588 4002; x_wconf 87' lang='lat' dir='ltr'><strong>Post</strong></span> <span class='ocrx_word' id='word_1_336' title='bbox 598 3940 779 4023; x_wconf 86' lang='lat' dir='ltr'><strong>Ephesiorum</strong></span> <span class='ocrx_word' id='word_1_337' title='bbox 790 3950 902 4025; x_wconf 90' lang='lat' dir='ltr'><strong>portum</strong></span> <span class='ocrx_word' id='word_1_338' title='bbox 913 3951 953 4002; x_wconf 89' lang='lat' dir='ltr'><strong>est</strong></span> <span class='ocrx_word' id='word_1_339' title='bbox 964 3940 1164 4022; x_wconf 78' lang='lat' dir='ltr'><strong>Aphrodisium,</strong></span> <span class='ocrx_word' id='word_1_340' title='bbox 1174 3938 1340 4000; x_wconf 83' lang='lat' dir='ltr'><strong>foruiidahili</strong></span> <span class='ocrx_word' id='word_1_341' title='bbox 1352 3947 1451 3999; x_wconf 89' lang='lat' dir='ltr'><strong>tectum</strong></span> <span class='ocrx_word' id='word_1_342' title='bbox 1463 3937 1621 4021; x_wconf 73' lang='lat' dir='ltr'><strong>precipitio.</strong></span> 
     </span>
    </p>
   </div>
   <div class='ocr_carea' id='block_1_7' title="bbox 319 4184 957 5098">
    <p class='ocr_par' dir='ltr' id='par_1_10' title="bbox 357 4184 956 4762">
     <span class='ocr_line' id='line_1_34' title="bbox 395 4184 953 4257; baseline 0 -20"><span class='ocrx_word' id='word_1_343' title='bbox 395 4187 420 4238; x_wconf 88' lang='lat'><strong>5.</strong></span> <span class='ocrx_word' id='word_1_344' title='bbox 428 4185 615 4257; x_wconf 81' lang='lat' dir='ltr'><strong>promontorium</strong></span> <span class='ocrx_word' id='word_1_345' title='bbox 629 4184 731 4238; x_wconf 76' lang='lat' dir='ltr'><strong>dmiltou</strong></span> <span class='ocrx_word' id='word_1_346' title='bbox 742 4185 790 4239; x_wconf 74' lang='grc' dir='ltr'>(ΙΙ).</span> <span class='ocrx_word' id='word_1_347' title='bbox 801 4206 841 4257; x_wconf 88' lang='lat' dir='ltr'><strong>pr.</strong></span> <span class='ocrx_word' id='word_1_348' title='bbox 854 4184 953 4239; x_wconf 87' lang='lat' dir='ltr'><strong>Smilton</strong></span> 
     </span>
     <span class='ocr_line' id='line_1_35' title="bbox 358 4268 954 4344; baseline 0 -22"><span class='ocrx_word' id='word_1_349' title='bbox 358 4270 391 4323; x_wconf 90' lang='lat' dir='ltr'><strong>id.</strong></span> <span class='ocrx_word' id='word_1_350' title='bbox 405 4268 415 4344; x_wconf 74' lang='lat' dir='ltr'><strong>ll</strong></span> <span class='ocrx_word' id='word_1_351' title='bbox 431 4288 456 4339; x_wconf 81' lang='lat'><strong>9.</strong></span> <span class='ocrx_word' id='word_1_352' title='bbox 471 4270 549 4323; x_wconf 80' lang='lat' dir='ltr'><strong>aratis</strong></span> <span class='ocrx_word' id='word_1_353' title='bbox 561 4271 649 4341; x_wconf 77' lang='lat' dir='ltr'><strong>jussor</strong></span> <span class='ocrx_word' id='word_1_354' title='bbox 668 4268 769 4323; x_wconf 86' lang='lat' dir='ltr'><strong>additF</strong></span> <span class='ocrx_word' id='word_1_355' title='bbox 785 4288 814 4322; x_wconf 86' lang='lat' dir='ltr'><strong>ex</strong></span> <span class='ocrx_word' id='word_1_356' title='bbox 833 4268 871 4324; x_wconf 87' lang='lat' dir='ltr'><strong>Gb</strong></span> <span class='ocrx_word' id='word_1_357' title='bbox 889 4288 954 4322; x_wconf 92' lang='lat' dir='ltr'><strong>com-</strong></span> 
     </span>
     <span class='ocr_line' id='line_1_36' title="bbox 357 4351 954 4424; baseline -0.005 -18"><span class='ocrx_word' id='word_1_358' title='bbox 357 4360 461 4406; x_wconf 85' lang='lat' dir='ltr'><strong>mentar.</strong></span> <span class='ocrx_word' id='word_1_359' title='bbox 473 4352 519 4416; x_wconf 90' lang='lat' dir='ltr'><strong>III,</strong></span> <span class='ocrx_word' id='word_1_360' title='bbox 532 4372 544 4404; x_wconf 86' lang='lat' dir='ltr'><strong>x</strong></span> <span class='ocrx_word' id='word_1_361' title='bbox 557 4375 563 4405; x_wconf 74' lang='grc' dir='ltr'><strong>ι</strong></span> <span class='ocrx_word' id='word_1_362' title='bbox 574 4371 627 4405; x_wconf 77' lang='lat' dir='ltr'><strong>mum</strong></span> <span class='ocrx_word' id='word_1_363' title='bbox 638 4351 768 4424; x_wconf 78' lang='lat' dir='ltr'><strong>Dionysius</strong></span> <span class='ocrx_word' id='word_1_364' title='bbox 778 4351 910 4424; x_wconf 77' lang='lat' dir='ltr'><strong>Epcusxtius</strong></span> <span class='ocrx_word' id='word_1_365' title='bbox 919 4352 954 4404; x_wconf 88' lang='lat' dir='ltr'><strong>di-</strong></span> 
     </span>
     <span class='ocr_line' id='line_1_37' title="bbox 357 4434 954 4509; baseline 0 -22"><span class='ocrx_word' id='word_1_366' title='bbox 357 4446 395 4488; x_wconf 86' lang='lat' dir='ltr'><strong>cot</strong></span> <span class='ocrx_word' id='word_1_367' title='bbox 404 4434 511 4488; x_wconf 82' lang='lat' dir='ltr'><strong>Jusonrm</strong></span> <span class='ocrx_word' id='word_1_368' title='bbox 524 4436 663 4505; x_wconf 82' lang='lat' dir='ltr'><strong>rotisjussu</strong></span> <span class='ocrx_word' id='word_1_369' title='bbox 677 4436 823 4509; x_wconf 77' lang='lat' dir='ltr'><strong>sum&#39;fiaosse</strong></span> <span class='ocrx_word' id='word_1_370' title='bbox 833 4436 954 4490; x_wconf 77' lang='lat' dir='ltr'><strong>duodecim</strong></span> 
     </span>
     <span class='ocr_line' id='line_1_38' title="bbox 357 4518 955 4593; baseline 0.005 -23"><span class='ocrx_word' id='word_1_371' title='bbox 357 4518 426 4592; x_wconf 59' lang='lat' dir='ltr'><strong>ditolf</strong></span> <span class='ocrx_word' id='word_1_372' title='bbox 432 4539 457 4590; x_wconf 89' lang='lat'><strong>9.</strong></span> <span class='ocrx_word' id='word_1_373' title='bbox 466 4519 613 4591; x_wconf 83' lang='lat' dir='ltr'><strong>oppidulum.</strong></span> <span class='ocrx_word' id='word_1_374' title='bbox 622 4560 627 4572; x_wconf 94' lang='lat'>.</span> <span class='ocrx_word' id='word_1_375' title='bbox 636 4521 712 4593; x_wconf 84' lang='lat' dir='ltr'><strong>.quod</strong></span> <span class='ocrx_word' id='word_1_376' title='bbox 718 4519 955 4592; x_wconf 78' lang='lat' dir='ltr'><strong>Dionysiusappsllut</strong></span> 
     </span>
     <span class='ocr_line' id='line_1_39' title="bbox 357 4603 954 4677; baseline 0 -21"><span class='ocrx_word' id='word_1_377' title='bbox 357 4606 496 4673; x_wconf 69' lang='grc' dir='ltr'><em>πολίχνιον</em></span> <span class='ocrx_word' id='word_1_378' title='bbox 514 4604 539 4657; x_wconf 91' lang='lat' dir='ltr'><strong>in</strong></span> <span class='ocrx_word' id='word_1_379' title='bbox 554 4606 730 4659; x_wconf 86' lang='lat' dir='ltr'><strong>commentario</strong></span> <span class='ocrx_word' id='word_1_380' title='bbox 744 4604 791 4659; x_wconf 87' lang='lat' dir='ltr'><strong>Gb.</strong></span> <span class='ocrx_word' id='word_1_381' title='bbox 806 4603 815 4677; x_wconf 74' lang='lat' dir='ltr'><strong>ll</strong></span> <span class='ocrx_word' id='word_1_382' title='bbox 834 4607 875 4658; x_wconf 78' lang='lat'><strong>15.</strong></span> <span class='ocrx_word' id='word_1_383' title='bbox 888 4607 954 4657; x_wconf 79' lang='grc' dir='ltr'>Χαλ-</span> 
     </span>
     <span class='ocr_line' id='line_1_40' title="bbox 358 4687 956 4762; baseline 0.005 -24"><span class='ocrx_word' id='word_1_384' title='bbox 358 4693 413 4740; x_wconf 83' lang='grc' dir='ltr'><strong><em>κεῖα</em></strong></span> <span class='ocrx_word' id='word_1_385' title='bbox 425 4689 489 4759; x_wconf 81' lang='lat' dir='ltr'><strong>conj.</strong></span> <span class='ocrx_word' id='word_1_386' title='bbox 504 4688 536 4748; x_wconf 83' lang='lat' dir='ltr'><strong>E;</strong></span> <span class='ocrx_word' id='word_1_387' title='bbox 547 4687 648 4741; x_wconf 84' lang='lat' dir='ltr'><strong>Cholcro</strong></span> <span class='ocrx_word' id='word_1_388' title='bbox 658 4689 692 4743; x_wconf 80' lang='lat' dir='ltr'><strong>bf.</strong></span> <span class='ocrx_word' id='word_1_389' title='bbox 708 4688 717 4762; x_wconf 77' lang='lat' dir='ltr'><strong>l}</strong></span> <span class='ocrx_word' id='word_1_390' title='bbox 743 4691 783 4742; x_wconf 73' lang='lat' dir='ltr'><strong>xo.</strong></span> <span class='ocrx_word' id='word_1_391' title='bbox 798 4688 892 4743; x_wconf 81' lang='lat' dir='ltr'><strong>Thimea</strong></span> <span class='ocrx_word' id='word_1_392' title='bbox 905 4702 956 4741; x_wconf 84' lang='lat' dir='ltr'><strong>tur-</strong></span> 
     </span>
    </p>

    <p class='ocr_par' dir='ltr' id='par_1_11' title="bbox 319 4770 957 5098">
     <span class='ocr_line' id='line_1_41' title="bbox 357 4770 955 4847; baseline 0.003 -24"><span class='ocrx_word' id='word_1_393' title='bbox 357 4771 392 4823; x_wconf 82' lang='lat' dir='ltr'><strong>ris</strong></span> <span class='ocrx_word' id='word_1_394' title='bbox 402 4770 462 4824; x_wconf 75' lang='lat' dir='ltr'><strong>rao.</strong></span> <span class='ocrx_word' id='word_1_395' title='bbox 476 4772 589 4845; x_wconf 73' lang='lat' dir='ltr'><strong>I&#39;euting.</strong></span> <span class='ocrx_word' id='word_1_396' title='bbox 603 4771 667 4844; x_wconf 89' lang='lat' dir='ltr'><strong>apud</strong></span> <span class='ocrx_word' id='word_1_397' title='bbox 679 4773 712 4826; x_wconf 86' lang='grc' dir='ltr'><strong>ΙΙ.</strong></span> <span class='ocrx_word' id='word_1_398' title='bbox 727 4770 739 4847; x_wconf 87' lang='grc' dir='ltr'><strong>ΙΙ</strong></span> <span class='ocrx_word' id='word_1_399' title='bbox 753 4773 845 4827; x_wconf 81' lang='grc' dir='ltr'>3ο·3ι.</span> <span class='ocrx_word' id='word_1_400' title='bbox 859 4773 955 4844; x_wconf 71' lang='lat' dir='ltr'><strong>longum</strong></span> 
     </span>
     <span class='ocr_line' id='line_1_42' title="bbox 319 4844 956 4927; baseline 0.005 -21"><span class='ocrx_word' id='word_1_401' title='bbox 319 4844 321 4849; x_wconf 68' lang='lat'><strong>,</strong></span> <span class='ocrx_word' id='word_1_402' title='bbox 359 4855 425 4907; x_wconf 86' lang='lat' dir='ltr'><strong>littus</strong></span> <span class='ocrx_word' id='word_1_403' title='bbox 439 4866 461 4907; x_wconf 85' lang='lat' dir='ltr'><strong>et</strong></span> <span class='ocrx_word' id='word_1_404' title='bbox 471 4866 555 4925; x_wconf 85' lang='lat' dir='ltr'><strong>portus</strong></span> <span class='ocrx_word' id='word_1_405' title='bbox 568 4866 665 4908; x_wconf 77' lang='lat' dir='ltr'><strong>umectus</strong></span> <span class='ocrx_word' id='word_1_406' title='bbox 677 4854 832 4927; x_wconf 74' lang='lat' dir='ltr'><strong>Ephesiorum</strong></span> <span class='ocrx_word' id='word_1_407' title='bbox 847 4876 863 4909; x_wconf 88' lang='lat' dir='ltr'><strong>u</strong></span> <span class='ocrx_word' id='word_1_408' title='bbox 875 4857 956 4909; x_wconf 84' lang='lat' dir='ltr'><strong>multis</strong></span> 
     </span>
     <span class='ocr_line' id='line_1_43' title="bbox 359 4939 957 5012; baseline 0.005 -21"><span class='ocrx_word' id='word_1_409' title='bbox 359 4939 458 4992; x_wconf 79' lang='lat' dir='ltr'><strong>nuoibsu</strong></span> <span class='ocrx_word' id='word_1_410' title='bbox 469 4939 624 5011; x_wconf 81' lang='lat' dir='ltr'><strong>preu&#39;orum</strong></span> <span class='ocrx_word' id='word_1_411' title='bbox 634 4940 681 4992; x_wconf 80' lang='lat' dir='ltr'><strong>huc</strong></span> <span class='ocrx_word' id='word_1_412' title='bbox 695 4940 803 5012; x_wconf 75' lang='lat' dir='ltr'><strong>appulsis</strong></span> <span class='ocrx_word' id='word_1_413' title='bbox 817 4941 957 4994; x_wconf 82' lang='lat' dir='ltr'><strong>emendarit</strong></span> 
     </span>
     <span class='ocr_line' id='line_1_44' title="bbox 360 5023 956 5098; baseline 0.003 -22"><span class='ocrx_word' id='word_1_414' title='bbox 360 5023 472 5077; x_wconf 82' lang='lat' dir='ltr'><strong>Frickius</strong></span> <span class='ocrx_word' id='word_1_415' title='bbox 485 5024 591 5097; x_wconf 85' lang='lat' dir='ltr'><strong>(quippe</strong></span> <span class='ocrx_word' id='word_1_416' title='bbox 603 5024 642 5078; x_wconf 87' lang='lat' dir='ltr'><strong>cni</strong></span> <span class='ocrx_word' id='word_1_417' title='bbox 651 5031 735 5097; x_wconf 87' lang='lat' dir='ltr'><strong>portus</strong></span> <span class='ocrx_word' id='word_1_418' title='bbox 743 5043 831 5078; x_wconf 89' lang='lat' dir='ltr'><strong>nomen</strong></span> <span class='ocrx_word' id='word_1_419' title='bbox 840 5025 866 5078; x_wconf 91' lang='lat' dir='ltr'><strong>in</strong></span> <span class='ocrx_word' id='word_1_420' title='bbox 874 5026 956 5098; x_wconf 82' lang='lat' dir='ltr'><strong>ipsum</strong></span> 
     </span>
    </p>
   </div>
   <div class='ocr_carea' id='block_1_8' title="bbox 1028 4181 1627 5089">
    <p class='ocr_par' dir='ltr' id='par_1_12' title="bbox 1028 4181 1627 5089">
     <span class='ocr_line' id='line_1_45' title="bbox 1028 4181 1626 4257; baseline -0.002 -19"><span class='ocrx_word' id='word_1_421' title='bbox 1028 4185 1096 4238; x_wconf 87' lang='lat' dir='ltr'><strong>littus</strong></span> <span class='ocrx_word' id='word_1_422' title='bbox 1108 4183 1195 4238; x_wconf 85' lang='lat' dir='ltr'><strong>cadere</strong></span> <span class='ocrx_word' id='word_1_423' title='bbox 1208 4201 1280 4256; x_wconf 84' lang='lat' dir='ltr'><strong>posse</strong></span> <span class='ocrx_word' id='word_1_424' title='bbox 1293 4200 1342 4236; x_wconf 90' lang='lat' dir='ltr'><strong>noa</strong></span> <span class='ocrx_word' id='word_1_425' title='bbox 1356 4181 1494 4252; x_wconf 82' lang='lat' dir='ltr'><strong>rideretur)</strong></span> <span class='ocrx_word' id='word_1_426' title='bbox 1508 4191 1626 4257; x_wconf 53' lang='lat' dir='ltr'><strong>wantos</strong></span> 
     </span>
     <span class='ocr_line' id='line_1_46' title="bbox 1028 4265 1626 4340; baseline -0.002 -19"><span class='ocrx_word' id='word_1_427' title='bbox 1028 4270 1193 4340; x_wconf 82' lang='lat' dir='ltr'><strong>conjecturam</strong></span> <span class='ocrx_word' id='word_1_428' title='bbox 1205 4265 1328 4320; x_wconf 84' lang='lat' dir='ltr'><strong>Lambeaii</strong></span> <span class='ocrx_word' id='word_1_429' title='bbox 1338 4266 1381 4337; x_wconf 70' lang='grc' dir='ltr'><strong>(μή</strong></span> <span class='ocrx_word' id='word_1_430' title='bbox 1392 4267 1475 4320; x_wconf 79' lang='lat' dir='ltr'><strong>Groeca</strong></span> <span class='ocrx_word' id='word_1_431' title='bbox 1487 4265 1626 4340; x_wconf 85' lang='lat' dir='ltr'><strong>suspicaba-</strong></span> 
     </span>
     <span class='ocr_line' id='line_1_47' title="bbox 1029 4339 1626 4425; baseline 0.002 -21"><span class='ocrx_word' id='word_1_432' title='bbox 1029 4359 1070 4405; x_wconf 87' lang='lat' dir='ltr'><strong>tur</strong></span> <span class='ocrx_word' id='word_1_433' title='bbox 1079 4370 1106 4404; x_wconf 88' lang='lat' dir='ltr'><strong>ea</strong></span> <span class='ocrx_word' id='word_1_434' title='bbox 1117 4373 1123 4404; x_wconf 76' lang='grc' dir='ltr'>ε</span> <span class='ocrx_word' id='word_1_435' title='bbox 1135 4339 1226 4403; x_wconf 75' lang='lat' dir='ltr'><strong>Eurus</strong></span> <span class='ocrx_word' id='word_1_436' title='bbox 1235 4353 1372 4424; x_wconf 71' lang='grc' dir='ltr'><strong>προσεχής</strong></span> <span class='ocrx_word' id='word_1_437' title='bbox 1379 4356 1408 4402; x_wconf 84' lang='grc' dir='ltr'><strong>τέ</strong></span> <span class='ocrx_word' id='word_1_438' title='bbox 1417 4350 1471 4403; x_wconf 64' lang='lat' dir='ltr'><strong>ears</strong></span> <span class='ocrx_word' id='word_1_439' title='bbox 1481 4353 1521 4403; x_wconf 77' lang='lat' dir='ltr'><strong>sul</strong></span> <span class='ocrx_word' id='word_1_440' title='bbox 1531 4355 1626 4425; x_wconf 72' lang='grc' dir='ltr'><strong><em>μακρὸς</em></strong></span> 
     </span>
     <span class='ocr_line' id='line_1_48' title="bbox 1028 4427 1626 4504; baseline 0.003 -17"><span class='ocrx_word' id='word_1_441' title='bbox 1028 4438 1140 4504; x_wconf 74' lang='grc' dir='ltr'><strong>αἰγιαλὸς</strong></span> <span class='ocrx_word' id='word_1_442' title='bbox 1152 4438 1193 4486; x_wconf 83' lang='lat' dir='ltr'><strong>xul</strong></span> <span class='ocrx_word' id='word_1_443' title='bbox 1207 4438 1221 4486; x_wconf 85' lang='grc' dir='ltr'><strong><em>ὁ</em></strong></span> <span class='ocrx_word' id='word_1_444' title='bbox 1236 4438 1310 4500; x_wconf 75' lang='grc' dir='ltr'>λιμὴν</span> <span class='ocrx_word' id='word_1_445' title='bbox 1327 4436 1341 4484; x_wconf 87' lang='grc' dir='ltr'>ὁ</span> <span class='ocrx_word' id='word_1_446' title='bbox 1359 4436 1513 4502; x_wconf 70' lang='grc' dir='ltr'><strong><em>καλούμενος</em></strong></span> <span class='ocrx_word' id='word_1_447' title='bbox 1531 4427 1626 4502; x_wconf 66' lang='grc' dir='ltr'>ΙῖφωΙ-</span> 
     </span>
     <span class='ocr_line' id='line_1_49' title="bbox 1029 4512 1627 4585; baseline 0 -12"><span class='ocrx_word' id='word_1_448' title='bbox 1029 4540 1072 4580; x_wconf 80' lang='grc' dir='ltr'><strong>της</strong></span> <span class='ocrx_word' id='word_1_449' title='bbox 1081 4519 1118 4573; x_wconf 82' lang='lat' dir='ltr'><strong>rel</strong></span> <span class='ocrx_word' id='word_1_450' title='bbox 1134 4512 1385 4585; x_wconf 61' lang='lat' dir='ltr'><strong>restaurasset</strong></span> <span class='ocrx_word' id='word_1_451' title='bbox 1400 4520 1517 4573; x_wconf 84' lang='lat' dir='ltr'><strong>eorrectio</strong></span> <span class='ocrx_word' id='word_1_452' title='bbox 1532 4519 1627 4573; x_wconf 89' lang='lat' dir='ltr'><strong>inutilis</strong></span> 
     </span>
     <span class='ocr_line' id='line_1_50' title="bbox 1029 4601 1623 4676; baseline 0.003 -20"><span class='ocrx_word' id='word_1_453' title='bbox 1029 4602 1159 4665; x_wconf 78' lang='lat' dir='ltr'><strong>ridebitur,</strong></span> <span class='ocrx_word' id='word_1_454' title='bbox 1170 4603 1190 4656; x_wconf 92' lang='lat' dir='ltr'><strong>si</strong></span> <span class='ocrx_word' id='word_1_455' title='bbox 1198 4603 1377 4676; x_wconf 79' lang='lat' dir='ltr'><strong>comparaveris</strong></span> <span class='ocrx_word' id='word_1_456' title='bbox 1385 4601 1461 4665; x_wconf 79' lang='lat' dir='ltr'><strong>infra,</strong></span> <span class='ocrx_word' id='word_1_457' title='bbox 1473 4622 1496 4676; x_wconf 85' lang='lat' dir='ltr'><strong>p.</strong></span> <span class='ocrx_word' id='word_1_458' title='bbox 1506 4604 1538 4657; x_wconf 82' lang='lat'><strong>31</strong></span> <span class='ocrx_word' id='word_1_459' title='bbox 1549 4604 1581 4665; x_wconf 86' lang='lat' dir='ltr'><strong>,I.</strong></span> <span class='ocrx_word' id='word_1_460' title='bbox 1594 4623 1623 4658; x_wconf 81' lang='lat' dir='ltr'><strong>xo</strong></span> 
     </span>
     <span class='ocr_line' id='line_1_51' title="bbox 1030 4685 1627 4760; baseline 0 -20"><span class='ocrx_word' id='word_1_461' title='bbox 1030 4687 1069 4740; x_wconf 91' lang='lat' dir='ltr'><strong>ed.</strong></span> <span class='ocrx_word' id='word_1_462' title='bbox 1081 4694 1185 4747; x_wconf 73' lang='lat' dir='ltr'><strong>nostrae,</strong></span> <span class='ocrx_word' id='word_1_463' title='bbox 1197 4685 1240 4739; x_wconf 92' lang='lat' dir='ltr'><strong>ubi</strong></span> <span class='ocrx_word' id='word_1_464' title='bbox 1252 4686 1317 4739; x_wconf 82' lang='lat' dir='ltr'><strong>littus</strong></span> <span class='ocrx_word' id='word_1_465' title='bbox 1324 4686 1425 4757; x_wconf 81' lang='lat' dir='ltr'><strong>plumam</strong></span> <span class='ocrx_word' id='word_1_466' title='bbox 1437 4697 1459 4740; x_wconf 89' lang='lat' dir='ltr'><strong>et</strong></span> <span class='ocrx_word' id='word_1_467' title='bbox 1471 4686 1572 4740; x_wconf 83' lang='lat' dir='ltr'><strong>multum</strong></span> <span class='ocrx_word' id='word_1_468' title='bbox 1582 4707 1627 4760; x_wconf 88' lang='lat' dir='ltr'><strong>op-</strong></span> 
     </span>
     <span class='ocr_line' id='line_1_52' title="bbox 1028 4770 1627 4844; baseline 0.003 -21"><span class='ocrx_word' id='word_1_469' title='bbox 1028 4771 1133 4842; x_wconf 83' lang='lat' dir='ltr'><strong>pellotur</strong></span> <span class='ocrx_word' id='word_1_470' title='bbox 1144 4770 1238 4841; x_wconf 79' lang='lat' dir='ltr'><strong>Pbrpri</strong></span> <span class='ocrx_word' id='word_1_471' title='bbox 1246 4781 1339 4840; x_wconf 77' lang='lat' dir='ltr'><strong>portius.</strong></span> <span class='ocrx_word' id='word_1_472' title='bbox 1358 4770 1443 4843; x_wconf 87' lang='lat' dir='ltr'><strong>Itaque</strong></span> <span class='ocrx_word' id='word_1_473' title='bbox 1460 4770 1543 4824; x_wconf 77' lang='lat' dir='ltr'><strong>Graes</strong></span> <span class='ocrx_word' id='word_1_474' title='bbox 1561 4773 1627 4844; x_wconf 89' lang='lat' dir='ltr'><strong>(opi-</strong></span> 
     </span>
     <span class='ocr_line' id='line_1_53' title="bbox 1031 4853 1625 4928; baseline 0.003 -21"><span class='ocrx_word' id='word_1_475' title='bbox 1031 4857 1089 4925; x_wconf 78' lang='lat' dir='ltr'><strong>nor)</strong></span> <span class='ocrx_word' id='word_1_476' title='bbox 1112 4854 1193 4928; x_wconf 86' lang='lat' dir='ltr'><strong>potios</strong></span> <span class='ocrx_word' id='word_1_477' title='bbox 1214 4853 1306 4908; x_wconf 87' lang='lat' dir='ltr'><strong>fuerint</strong></span> <span class='ocrx_word' id='word_1_478' title='bbox 1324 4853 1395 4907; x_wconf 76' lang='lat' dir='ltr'><strong>hae:</strong></span> <span class='ocrx_word' id='word_1_479' title='bbox 1414 4856 1499 4921; x_wconf 80' lang='grc' dir='ltr'><strong><em>Τούτῳ</em></strong></span> <span class='ocrx_word' id='word_1_480' title='bbox 1516 4855 1625 4923; x_wconf 84' lang='lat' dir='ltr'><strong>(scilicet</strong></span> 
     </span>
     <span class='ocr_line' id='line_1_54' title="bbox 1030 4940 1627 5012; baseline 0.003 -21"><span class='ocrx_word' id='word_1_481' title='bbox 1030 4941 1177 5011; x_wconf 79' lang='grc' dir='ltr'>Φωσφόρῳ)</span> <span class='ocrx_word' id='word_1_482' title='bbox 1195 4944 1304 5009; x_wconf 70' lang='grc' dir='ltr'><strong><em>συνεχής</em></strong></span> <span class='ocrx_word' id='word_1_483' title='bbox 1316 4957 1344 4990; x_wconf 83' lang='lat' dir='ltr'><strong>ss</strong></span> <span class='ocrx_word' id='word_1_484' title='bbox 1356 4940 1397 4990; x_wconf 78' lang='lat' dir='ltr'><strong>scd</strong></span> <span class='ocrx_word' id='word_1_485' title='bbox 1406 4944 1502 5012; x_wconf 69' lang='grc' dir='ltr'><strong><em>μακρὸς</em></strong></span> <span class='ocrx_word' id='word_1_486' title='bbox 1516 4942 1627 5009; x_wconf 74' lang='grc' dir='ltr'><strong>αΙγιαλόσ</strong></span> 
     </span>
     <span class='ocr_line' id='line_1_55' title="bbox 1033 5015 1365 5089; baseline -0.003 -13"><span class='ocrx_word' id='word_1_487' title='bbox 1033 5015 1148 5088; x_wconf 61' lang='grc' dir='ltr'><strong>Ἐφεσίων</strong></span> <span class='ocrx_word' id='word_1_488' title='bbox 1161 5026 1269 5076; x_wconf 80' lang='grc' dir='ltr'><strong><em>καλεῖται</em></strong></span> <span class='ocrx_word' id='word_1_489' title='bbox 1282 5025 1365 5089; x_wconf 69' lang='lat' dir='ltr'><strong>Iapis.</strong></span> 
     </span>
    </p>
   </div>
   <div class='ocr_carea' id='block_1_9' title="bbox 1404 5134 1433 5188">
    <p class='ocr_par' dir='ltr' id='par_1_13' title="bbox 1404 5134 1433 5188">
     <span class='ocr_line' id='line_1_56' title="bbox 1404 5134 1433 5188; baseline 0.069 -2"><span class='ocrx_word' id='word_1_490' title='bbox 1404 5134 1433 5188; x_wconf 83' lang='lat' dir='ltr'><strong>h.</strong></span> 
     </span>
    </p>
   </div>
   <div class='ocr_carea' id='block_1_10' title="bbox 0 0 2155 6368">
    <p class='ocr_par' dir='ltr' id='par_1_14' title="bbox 0 0 2155 6368">
     <span class='ocr_line' id='line_1_57' title="bbox 0 0 2155 6368; baseline 0 0"><span class='ocrx_word' id='word_1_491' title='bbox 0 0 2155 6368; x_wconf 95' lang='lat' dir='ltr'><strong> </strong></span> 
     </span>
    </p>
   </div>
  </div>
 </body>
</html>
