4282 6368
516 665 542 703 rr
810 636 1105 700 COMMENTATIO
1128 586 1495 700 PALAEOGRAPHlCA.

517 785 708 858 Plutarchus
724 782 881 885 Defluciic
899 781 1032 878 integer.
1053 780 1180 852 Accedit
1195 779 1236 851 ad
1252 779 1371 852 calcem
1386 780 1421 852 in
1439 779 1517 851 lolio
1536 793 1683 878 separato
1698 778 1784 850 hnc·

516 934 632 1006 npmus
651 906 696 979 Dc
713 904 897 1004 geographia
918 904 949 974 io
971 903 1085 1003 splcoera
1107 900 1293 1000 intellegenda
1315 929 1389 974 cum
1412 900 1535 998 figuris.
1555 900 1714 973 Preterea
1735 928 1788 971 sc-

516 1028 660 1102 cundum
676 1028 760 1099 iuter
777 1039 809 1098 et
826 1024 957 1097 tertium
975 1024 1089 1096 lolium
1107 1023 1391 1094 membranaceum
1410 1035 1486 1094 sunt
1504 1022 1692 1122 interposita
1710 1022 1786 1094 lolia

517 1151 682 1223 chartacea
710 1149 775 1221 duo
804 1148 922 1248 quibus
947 1147 1131 1218 continetur
1159 1145 1381 1246 apographum
1402 1172 1438 1217 cx
1462 1142 1576 1217 eodem
1602 1157 1638 1215 ut
1662 1143 1788 1217 videtur

516 1274 624 1346 codice
640 1272 835 1372 descriptum
853 1270 894 1342 ad
910 1297 1006 1370 quem
1020 1268 1097 1341 folin
1111 1267 1358 1340 membranacea
1373 1267 1448 1340 olim
1464 1267 1703 1368 pertinuerunt.
1718 1267 1786 1339 Hoc

518 1396 650 1497 quidem
668 1391 855 1495 apographo
873 1390 1041 1463 exhibetur
1063 1389 1228 1491 Bosporici
1249 1389 1364 1490 hnapli
1389 1388 1516 1489 pagella
1537 1388 1668 1472 ultima,
1689 1403 1785 1489 atque

517 1517 650 1618 insuper
665 1514 850 1598 Hannonis,
865 1513 1181 1610 Carthaginiensium
1196 1511 1295 1610 regis,
1308 1510 1442 1612 Periptus
1455 1510 1565 1609 Litpo.
1578 1511 1658 1594 Ouae
1676 1512 1702 1583 si
1714 1511 1785 1610 quis

517 1666 590 1711 cum
610 1636 865 1739 precedentibus
882 1635 1099 1734 composuerit
1117 1648 1214 1734 atque
1230 1634 1338 1706 omnia
1356 1634 1390 1705 in
1408 1660 1511 1705 unum
1533 1633 1705 1731 redegerit,
1717 1634 1785 1731 jam

515 1759 748 1833 animadvertet
767 1758 915 1830 ordinem
931 1758 963 1829 in
983 1757 1091 1829 codice
1109 1757 1298 1856 primevum
1317 1755 1414 1828 luisse
1431 1755 1541 1827 hunc:

603 1983 629 2036 1⁰
652 1974 827 2058 Agathemcri
845 1971 1018 2056 Gcographioe
1032 1971 1181 2055 informatio
1187 1998 1198 2043 ;

600 2086 629 2139 n⁰
651 2076 770 2139 Libellus
785 2076 825 2138 De
840 2077 920 2138 ceratis
935 2076 1135 2146 Aristotelicum

600 2182 630 2241 3⁰
652 2178 776 2262 Dionysii
792 2177 915 2261 Byzantii
932 2176 1050 2259 daopluc
1067 2176 1196 2259 Boupori;

602 2284 631 2344 ἶν’
654 2280 796 2343 Hannonis
810 2280 932 2364 Peripha
946 2280 1054 2362 heloym

600 2387 631 2446 5⁰
654 2383 859 2447 Chrestomothio
873 2407 905 2446 ex
920 2384 1067 2453 Strabone;

599 2491 630 2552 6ο
652 2487 932 2551 PseudoPlutarchus
945 2486 1094 2570 Defluoiic.

568 2731 695 2804 Folium
713 2758 786 2804 vcro
805 2730 1087 2803 membranaceum
1106 2757 1171 2832 quo
1190 2745 1276 2804 recto
1295 2744 1326 2803 ct
1343 2758 1432 2803 verso
1453 2732 1637 2803 continetur
1658 2731 1786 2828 Anony-

514 2881 586 2925 mus
605 2852 651 2925 Dc
668 2853 900 2954 geographiam
918 2854 1032 2953 sphera
1050 2852 1235 2952 intelligendo
1257 2853 1402 2954 suspicor
1422 2853 1520 2925 luisse
1537 2851 1614 2925 olim
1633 2853 1667 2924 in
1691 2866 1784 2924 a'nte·

514 2976 599 3049 riore
617 2975 735 3047 codicis
757 2989 847 3075 partc
871 2975 1027 3076 positum,
1046 2974 1088 3047 ita
1110 2988 1147 3046 ut
1168 2974 1334 3076 praefixum
1352 2975 1448 3048 suerit
1464 2975 1565 3075 ipsius
1581 2975 1785 3072 Agathemcri

513 3097 623 3170 libello
647 3097 862 3198 geographico
890 3097 981 3196 cujus
1005 3097 1102 3169 hodie
1125 3097 1255 3169 nonnisi
1283 3096 1357 3169 smis
1383 3098 1417 3169 in
1444 3097 1639 3170 membranis
1668 3098 1785 3170 nostris

514 3220 683 3320 reperitur.

566 3463 605 3536 ll.
624 3464 696 3535 lam
714 3488 787 3534 vcro
806 3460 889 3532 illud
907 3461 1104 3547 notandum,
1126 3488 1162 3533 er
1179 3475 1302 3563 septem
1318 3460 1405 3533 hisce
1419 3460 1537 3532 libellis
1551 3475 1615 3533 tres
1629 3463 1786 3561 posterio-

513 3611 578 3669 res,
607 3582 773 3684 Periplum
798 3581 918 3655 scilicet
944 3582 1129 3668 hannonis,
1158 3582 1449 3656 Chrestomathiam
1475 3583 1725 3656 Strabonianam
1754 3599 1784 3655 et

513 3705 867 3778 Pseudo-Plutarchum
882 3705 929 3778 De
941 3704 1063 3791 fluviis,
1078 3733 1146 3779 esse
1159 3733 1195 3777 ex
1209 3732 1321 3779 eorum
1340 3732 1476 3778 numero
1490 3733 1572 3806 quos
1585 3733 1671 3777 unus
1688 3707 1785 3779 codar

513 3827 680 3901 Palatinus
695 3838 729 3899 n⁰
746 3827 817 3927 398
833 3827 874 3899 ab
889 3826 1021 3900 interitu
1036 3855 1176 3901 servasse
1190 3827 1320 3901 dicitur.
1336 3827 1428 3901 Unde
1442 3854 1514 3899 mor
1531 3828 1667 3926 conjeci,
1682 3829 1785 3901 incssc

512 3949 759 4023 similitudinem
778 3949 951 4051 quamdam
969 3950 1045 4021 huic
1071 3964 1179 4023 nostro
1198 3950 1300 4024 codici
1319 3950 1585 4051 Gcographorum
1604 3978 1678 4021 cum
1698 3951 1782 4023 cele-

513 4071 656 4144 berrimo
678 4070 735 4144 illo
757 4070 866 4144 codice
889 4070 1096 4144 Bibliotheca
1119 4071 1273 4145 Palatina
1296 4100 1392 4173 quem
1414 4073 1530 4145 seculo
1550 4072 1675 4144 decimo
1699 4100 1785 4145 nouo

513 4194 648 4266 ineunte
663 4192 712 4265 vir
728 4192 931 4265 doctissimus
947 4206 978 4265 et
993 4193 1240 4294 palaeographiae
1258 4221 1366 4292 graecae
1383 4194 1597 4295 peritissimus
1614 4195 1648 4266 F.
1665 4195 1694 4266 J.
1712 4195 1787 4267 Bas-

511 4316 575 4388 tiu's
598 4343 724 4388 summa
747 4315 914 4413 diligentia
937 4314 1116 4416 descripsit.
1143 4317 1270 4416 ltaque,
1295 4343 1363 4389 rem
1387 4315 1516 4389 maximi
1541 4316 1697 4390 momenti
1719 4318 1785 4388 lore

511 4453 616 4523 ratus,
635 4438 661 4509 si
680 4437 779 4510 codex
797 4436 997 4510 inveniretur
1015 4437 1096 4510 alter
1118 4438 1265 4511 camdem
1286 4452 1383 4538 atque
1401 4439 1570 4511 Palatinus
1594 4439 1786 4538 scriptorum

510 4559 626 4631 seriem
646 4559 789 4632 referens
807 4558 864 4631 sed
887 4559 1067 4660 pleniorem
1088 4557 1182 4662 (nam
1205 4560 1372 4643 Palatinus
1392 4560 1550 4661 principio
1569 4573 1655 4633 caret
1673 4573 1783 4659 utpote

508 4678 694 4781 ἀκέφαλος),
706 4693 774 4754 tota
789 4707 886 4781 opera
901 4681 1068 4782 inquisivi,
1082 4695 1118 4754 ut
1133 4682 1196 4754 alia
1210 4682 1359 4783 quadam
1373 4681 1487 4754 codem
1503 4681 1678 4782 spectantia
1692 4680 1783 4753 dcte-

509 4829 631 4899 gerem.
646 4802 756 4902 Neque
770 4830 860 4903 spem
877 4817 1008 4875 eventus
1024 4801 1147 4875 lelellit.
1161 4802 1288 4876 Etenim
1305 4802 1405 4875 incidi
1419 4804 1452 4874 in
1472 4803 1662 4876 laterculum
1681 4827 1785 4900 grece

510 4925 665 5025 scriptum
683 4952 747 5026 quo
769 4926 952 4998 continetur
969 4924 1084 5001 notitia
1102 4925 1220 4998 codicis
1241 4925 1410 5025 cujusdam
1426 4925 1693 5025 Gcographorum
1713 4952 1783 4996 am·

510 5046 662 5146 plissimi,
682 5046 762 5120 adeo
781 5047 900 5119 mirum
918 5047 952 5119 in
969 5046 1102 5120 modum
1122 5047 1309 5146 conspirans
1327 5075 1399 5120 cum
1421 5047 1579 5147 predictis
1594 5044 1784 5145 fragmentis
