4282 6368
572 598 610 658 84
780 596 1075 659 SUPPLEMENTA
1098 596 1136 658 ΙΝ
1159 595 1434 661 GEOGRAPHOS
1456 598 1627 662 GRAECOS

843 735 889 798 Εο.

569 873 694 962 Ερινθων

570 982 617 1042 ἀπ’
631 988 716 1044 αὐτοῦ
727 982 758 1042 δέ
771 987 865 1044 Φάσιν
875 989 1136 1061 μετωνομασμὲνον

571 1110 598 1147 ν.
616 1085 716 1168 ῥάέδος

569 1197 746 1259 παιανισμὸν

570 1289 627 1352 Ea„
649 1293 735 1376 [γάρ]
760 1318 802 1354 τις
827 1296 1068 1378 προπετέσίερον
1095 1298 1164 1352 ἀπο-

610 1398 726 1478 οίραφῇ

569 1510 660 1579 γῦπες
675 1499 698 1558 δ’
710 1498 854 1575 αίφνιδίωε
868 1504 1057 1576 ἐπιφανέντες
1067 1502 1164 1583 α’θρὸοι

610 1608 662 1662 τὸν
677 1606 848 1681 ἐγκείμενον

571 1704 598 1764 3.
614 1709 716 1785 χιθνην

570 1808 698 1890 [ἔλαθεν
715 1815 731 1868 ὁ
747 1808 778 1868 δέ
792 1809 967 1892 Προμηθεὺς]

570 1916 720 1988 ἀνατεμών

571 2017 721 2075 Καύκασον
751 2020 948 2092 μετονομάσας
978 2018 1166 2095 (μετωνομα-

609 2121 690 2179 σθείς
705 2119 724 2179 P
739 2118 814 2202 apud
829 2117 872 2200 M)

572 2223 598 2281 ίι.
616 2221 726 2301 βοτάνη
743 2224 921 2305 Προμηθειος

570 2322 619 2393 Vl,
638 2346 664 2385 ο.
677 2324 838 2384 σκολοπίας

571 2430 598 2488 3.
614 2433 778 2511 εὑρίσκεται
797 2426 820 2486 δ’
838 2434 871 2487 ἐν
889 2439 925 2506 τι]
946 2428 1062 2506 κεφαλῇ
1079 2433 1164 2490 αὐτοῦ

611 2529 691 2590 λίθος
704 2529 817 2613 χθνδρῳ

569 2640 735 2715 τεταρταίας

571 2737 598 2796 ίι.
613 2736 790 2816 Λούγδουνος

570 2839 715 2923 [χρησμοῦ
731 2841 831 2923 ἦλθον]

569 2942 750 3023 Λούγδουνον

569 3045 670 3106 δοῡνον
680 3047 711 3106 δὲ
723 3051 813 3109 τόπον
824 3047 978 3128 ἐξέχοντα,
987 3054 1080 3111 καθὼς
1091 3053 1165 3112 1070-

612 3160 660 3232 ρει*
671 3151 877 3230 Κλειτοφῶν
892 3157 924 3211 ἐν
939 3156 977 3232 ιγ’
994 3159 1123 3214 Κτίσεων

571 3251 632 3323 Vll,
652 3277 676 3314 ι.
692 3253 894 3335 καταδιωχθείς
905 3253 936 3314 δὲ
949 3257 1165 3338 (καταλειφθείς

613 3356 632 3416 Ρ
644 3356 719 3440 apud
735 3356 778 3437 Μ)

571 3459 739 3529 Πακτωλὸς,
765 3461 888 3521 οειολιος
912 3462 967 3541 (sic
991 3484 1022 3523 ex
1046 3463 1065 3523 Ρ
1088 3473 1165 3525 trun·

611 3563 721 3646 scripsit
733 3563 775 3643 M)

571 3790 599 3828 ο.
615 3774 851 3853 καταφερόμενον

571 3870 599 3930 3.
615 3872 822 3954 ἀρονραφίλαξ

569 3975 817 4058 σνναγοράζονσιν
833 3983 920 4037 αὐτὸν

569 4078 764 4156 διατιθέμενον
773 4086 894 4163 χρυσόν.
909 4077 1018 4145 Οσάκις
1032 4090 1089 4168 γάρ
1101 4087 1136 4146 δν

571 4181 599 4241 ίι.
618 4188 751 4242 Γεννᾶται
773 4182 804 4244 δέ
825 4182 872 4267 [ἐν
888 4191 963 4269 αὐτῷ
978 4187 1039 4271 καί]
1057 4188 1165 4268 βοτάνη

611 4290 857 4369 πορφνράνθεμος

567 4389 743 4472 χρνσοπόλη
757 4390 794 4469 (P
808 4391 884 4475 apud
897 4392 939 4472 M)

569 4490 713 4571 βάπίονσι

568 4597 615 4653 καί
629 4598 680 4654 ἐὰν

567 4709 740 4780 χροσοῦται·
753 4704 803 4759 ἐὰν
813 4699 836 4759 δ’
847 4706 1029 4786 ἐφθαρμένον
1037 4711 1164 4789 ὑπάρχῃ,

610 4806 663 4871 τὴν
673 4802 863 4882 ήλλαγμένην
875 4809 1016 4888 ὑγρασίαν
1026 4811 1165 4871 ἁποπθθει

611 4910 657 4964 καί
667 4905 798 4990 διατηρεῖ
802 4919 852 4978 τῆς
861 4909 932 4981 θλης
938 4919 992 4982 την
1001 4918 1102 4973 οὐσίαν

570 5010 597 5071 5.
614 5011 731 5093 πλῆρες

1504 741 1569 802 Con.

1241 882 1375 961 ἐριινθων
1496 940 1499 947 ,

1240 983 1287 1042 ἀπ’
1300 988 1385 1042 αὐτοῦ
1401 983 1433 1042 δέ
1448 988 1521 1059 φασί
1533 978 1794 1061 μετωνομασμένον

1241 1084 1342 1169 ρᾶέδος

1239 1194 1389 1266 πανισμὸν

1241 1285 1297 1350 Ea„
1311 1314 1337 1350 τι
1352 1295 1594 1375 προπετέσίερον
1610 1296 1783 1376 α’ποσθραφη

1239 1502 1331 1576 γύπες
1346 1498 1377 1557 δὲ
1393 1497 1537 1575 αίφνιδίως
1549 1502 1738 1577 ἐπιφανέντες
1753 1503 1835 1581 α’ὸρα·

1282 1624 1325 1660 τοι
1341 1607 1375 1661 τὸ
1392 1607 1444 1679 μέν
1459 1608 1593 1679 κείμενον

1240 1710 1338 1785 χώνην

1241 1807 1316 1869 deest

1241 1914 1392 1970 ἀναπαύων

1242 2017 1390 2074 Καύκασος
1405 2020 1629 2093 μετονομασθείς

1242 2220 1352 2301 βοτάνη
1359 2224 1837 2306 προμηθείαίπιοιχπρομηθειος)

1240 2323 1416 2384 σκολόπιδος

1241 2430 1405 2507 εὑρίσκεται
1413 2424 1444 2486 δὲ
1454 2427 1534 2488 λίθος
1545 2432 1577 2486 ἐν
1588 2438 1624 2498 τη
1637 2427 1754 2503 κεφαλη
1768 2431 1835 2508 χόν-

1283 2527 1340 2612 διν

1240 2636 1424 2714 τεταρταίους

1240 2733 1418 2795 λοθσδονλος

1241 2837 1318 2899 deest

1241 2940 1424 3021 Λούγδονλον

1241 3042 1370 3122 λοῡγλον
1379 3043 1409 3103 δὲ
1417 3050 1468 3104 τὸν
1479 3044 1619 3126 ἐξέχοντα
1627 3052 1720 3108 καθὼς
1730 3049 1843 3130 ἱσίορει·

1283 3153 1471 3224 Κτησιφῶν
1492 3153 1524 3207 ἐν
1537 3136 1708 3209 ἦκτίσεων

1240 3249 1435 3326 καταληφθείς
1449 3249 1479 3310 δὲ

1240 3455 1397 3517 πακτωλὸς
1408 3463 1424 3516 ὁ
1436 3457 1551 3528 ὀίολῆος
1562 3457 1687 3538 (videtur
1699 3469 1836 3520 mutatum

1283 3558 1310 3618 in
1326 3559 1458 3630 ὀθοληος.
1475 3560 1554 3623 Certe
1568 3562 1646 3623 haesit
1666 3562 1794 3623 librarius
1809 3564 1837 3623 in

1282 3661 1433 3745 scriptura)

1238 3769 1472 3848 καταφερόμενος

1241 3869 1447 3953 άρονραφθλαξ
1459 3875 1563 3957 (marg.
1579 3873 1798 3955 α’ρονροφίιλαξ)

1239 3973 1487 4055 σνναγοράζονσιν
1499 3981 1584 4036 αὐτοῦ

1240 4075 1444 4154 διατιθέμενον.
1459 4072 1568 4140 Οσάκις
1578 4063 1635 4164 γὰρ
1650 4086 1706 4140 άνω

1239 4189 1373 4257 γεννᾶται
1389 4180 1420 4240 δέ
1436 4182 1546 4262 βοτάνη
1560 4188 1806 4268 σορφνράνθεμος

1240 4387 1415 4468 χρυσοπύλη

1240 4491 1362 4550 άπΊονσι

1240 4597 1287 4652 καί
1299 4595 1334 4652 άν

1239 4705 1412 4777 χρνσοῦται·
1429 4703 1475 4758 καί
1492 4698 1622 4780 διατηρεῖ
1631 4710 1683 4770 τῆς
1697 4700 1767 4772 θλης
1782 4706 1835 4773 τὴν

1282 4803 1396 4859 οὐσίαν·
1409 4806 1459 4861 ἐὰν
1473 4802 1504 4861 δέ
1519 4801 1604 4862 κ.τ.λ.

1239 5021 1359 5106 πλήρης
