4282 6368
615 582 911 647 COMMENTATIO
934 583 1300 648 uttnoouxvfllcx.
1518 612 1588 650 xxvxi

371 726 407 800 Si
432 726 504 828 quis
531 726 721 825 Dionysium
751 726 910 827 sequioris
936 725 993 798 aevi
1017 726 1207 826 scriptorem
1236 728 1334 800 fuisse
1362 730 1589 805 existimaverit

322 861 421 949 atque
440 875 548 920 rerum
568 846 751 920 Graecarum
769 861 801 920 et
821 847 961 921 historice
978 847 1090 949 patriae
1107 847 1257 947 ignarum
1278 850 1432 922 exstitisse
1454 867 1589 952 propter

321 997 464 1044 errorem
482 971 578 1044 istum
599 999 664 1070 quo
681 970 797 1043 Darius
814 998 887 1044 cum
907 971 989 1071 Cyro
1007 970 1229 1057 confunditur,
1253 972 1313 1044 hoc
1333 999 1463 1072 quoque
1482 973 1586 1058 Gillii,

323 1119 389 1166 non
404 1093 549 1193 Dionysii
566 1092 676 1165 vitium
695 1120 780 1177 esse,
792 1120 829 1165 ex
849 1105 933 1165 textu
951 1092 1061 1165 Graeoo
1074 1119 1149 1166 cum
1163 1092 1429 1194 interpretatione
1448 1096 1586 1169 Gilliana

322 1228 507 1315 comparato
523 1213 622 1315 paulo
640 1214 724 1287 inira
742 1214 873 1287 videbit.
890 1214 970 1286 Nam
982 1213 1099 1286 Gillius
1117 1215 1150 1286 in
1170 1216 1314 1288 versione
1333 1216 1468 1288 taxinatt
1484 1248 1492 1287 ε
1507 1216 1591 1289 itud

319 1336 396 1407 enim
405 1335 503 1409 Perse
518 1354 695 1410 exessnont
709 1337 740 1408 in
751 1335 932 1437 expeditione
944 1334 1021 1435 Cyri
1030 1353 1131 1408 contro
1141 1335 1277 1435 Scythes.
1296 1338 1469 1436 Dionysius
1481 1353 1588 1411 autem

320 1458 361 1528 ita
378 1457 525 1558 loquitur
544 1458 576 1531 in
591 1458 700 1532 codice
711 1456 739 1510 Pl
758 1491 765 1532 :
786 1462 852 1532 Τὸν
869 1462 1008 1557 μὲνγὰρ
1025 1467 1055 1532 ol
1077 1462 1136 1531 cxlv
1152 1463 1276 1557 Δαρείῳ
1289 1465 1424 1559 Περσῶν
1440 1466 1519 1532 κατὰ
1532 1467 1589 1540 silv

319 1585 372 1652 snt
383 1582 506 1655 Σκύθας
517 1591 629 1653 ἔλασιν
642 1587 831 1681 ἐνέπρησαν.
845 1580 937 1653 Unde
951 1608 1068 1654 nomen
1085 1581 1217 1681 quidem
1225 1581 1300 1683 Cyri
1312 1610 1329 1653 a
1344 1582 1456 1666 Gillio,
1470 1609 1587 1655 nomen

320 1729 393 1775 vero
414 1701 535 1776 Dariia
553 1703 662 1777 Graeco
678 1701 793 1804 Anapli
806 1716 936 1775 auctore
950 1703 1104 1804 scriptum
1120 1703 1218 1776 luisse
1232 1705 1402 1777 manifesto
1418 1721 1561 1806 apparet.

373 1824 531 1898 Praeterea
552 1825 632 1898 illud
652 1825 848 1908 notandum,
867 1852 919 1898 res
935 1837 1041 1923 gestas
1059 1852 1139 1925 quas
1153 1840 1315 1899 memorat
1332 1827 1589 1926 Dionysiusesse

322 1973 435 2020 omnes
453 1948 511 2021 aevi
533 1947 731 2032 vetustioris,
745 1946 866 2019 scilicet
882 1947 1137 2019 recordationem
1161 1947 1251 2020 illam
1271 1948 1431 2021 bellorum
1451 1948 1589 2021 Medico-

320 2095 392 2141 rum
408 2069 497 2143 Gillii
510 2097 618 2142 errore
633 2070 856 2170 depravatam,
868 2095 955 2140 nunc
969 2094 1042 2141 vero
1054 2068 1251 2149 restitutam
1263 2069 1381 2142 deinde
1394 2070 1492 2171 paulo
1506 2072 1588 2143 inira

322 2191 522 2264 mentionem
544 2190 652 2293 pontis
673 2217 691 2263 a
710 2189 860 2291 Philippo
879 2189 1093 2262 Macedonum
1118 2216 1193 2288 rege
1211 2189 1398 2289 Byzantium
1422 2192 1599 2265 obsidente·

318 2313 497 2385 constructi
511 2326 548 2384 ut
560 2312 659 2385 Sinus
670 2311 813 2384 Ceratini
826 2311 930 2412 ripam
944 2324 1116 2410 utramque
1127 2313 1281 2412 jungeret
1291 2310 1336 2398 (⁸¹3
1353 2313 1493 2413 denique
1507 2327 1590 2385 tern-

316 2434 409 2535 plum
429 2434 638 2507 inhonorem
658 2432 822 2507 Ptolemaei
839 2432 1044 2533 Philadelphi
1062 2460 1081 2504 a
1100 2433 1263 2532 Byzantiis
1280 2434 1481 2519 dedicatum,
1499 2437 1588 2536 quod

318 2556 450 2630 aliunde
467 2583 533 2629 non
550 2556 699 2630 novimus
712 2553 753 2629 Pl.
769 2554 917 2627 Addendi
936 2567 1012 2626 sunt
1027 2554 1148 2627 Galatae
1162 2555 1273 2627 lanum
1293 2555 1466 2628 Asiaticum
1483 2585 1588 2657 popu·

317 2677 375 2751 lati
389 2693 421 2752 et
438 2679 632 2753 Callimedes
649 2678 776 2752 Seleuci
794 2677 950 2750 exercitus
964 2674 1079 2750 dux‘P.
1100 2675 1258 2750 Omnium
1279 2692 1387 2751 autem
1408 2679 1588 2752 recentissi-

317 2828 408 2873 mum
420 2814 468 2873 est
482 2831 539 2873 arc
549 2800 692 2901 Apollinis
704 2800 738 2873 in
756 2798 924 2900 Cyaneiso
939 2797 1081 2870 Romanis
1094 2816 1219 2884 smtnto,
1235 2800 1292 2900 qui
1306 2800 1395 2872 locus
1410 2803 1586 2874 etiamnum

319 2923 354 2994 in
374 2923 482 2996 Graeco
499 2936 584 2996 textu
603 2922 816 3006 desideratur,
835 2921 869 2993 in
888 2919 1025 2993 Gilliana
1042 2934 1151 2993 autem
1171 2922 1316 2994 versione
1333 2938 1487 3023 superest.
1507 2923 1587 3007 Quae

316 3071 371 3116 ara
391 3044 424 3116 in
443 3044 600 3117 honorem
622 3043 691 3116 Caii
712 3042 862 3124 (iaesaris,
882 3055 963 3114 teste
984 3041 1097 3126 Gillio,
1118 3058 1222 3115 erecta
1242 3039 1334 3115 estPl
1353 3042 1445 3116 Unde
1464 3044 1588 3116 videtur

316 3166 491 3265 Dionysius
507 3192 544 3238 eo
565 3178 724 3266 tempore,
742 3192 808 3265 quo
822 3166 891 3262 jam
908 3163 1045 3236 Romani
1060 3163 1168 3236 Asiam
1187 3148 1392 3245 obtinebant,
1412 3166 1585 3265 scripsisse.

317 3287 429 3387 Neque
458 3288 519 3360 hoc
547 3286 674 3359 silentio
697 3285 1010 3387 pretermittendum
1038 3303 1102 3371 est,
1128 3286 1162 3359 in
1189 3286 1264 3358 fano
1285 3286 1421 3358 Asiatico
1449 3300 1587 3360 statuam

318 3437 435 3483 aeream
456 3396 630 3484 memorari
645 3410 736 3508 cujus
754 3408 927 3508 descriptio
949 3406 1030 3480 adeo
1048 3409 1129 3480 mire
1149 3409 1296 3507 congruit
1312 3436 1384 3481 cum
1404 3409 1589 3482 Philostrati

299 3531 402 3615 -loco,
423 3547 459 3605 ut
478 3532 636 3633 conjicere
652 3531 746 3603 liceat
763 3530 953 3630 Dionysium
969 3530 1086 3631 Anapli
1102 3531 1289 3631 scriptorem
1309 3547 1339 3602 et
1357 3531 1585 3605 Philostratum

315 3655 498 3752 Imaginum
524 3668 689 3727 auctorem
714 3651 763 3725 vel
781 3666 958 3725 coetaneos
978 3652 1150 3735 exstitisse,
1169 3652 1217 3725 vel
1239 3668 1324 3725 certe
1349 3653 1483 3726 minimo
1507 3669 1586 3727 tenr-

315 3804 432 3877 porum
457 3776 625 3849 intervallo
649 3774 746 3848 fuisse
764 3788 926 3875 separatos
937 3770 977 3845 Pl.

365 3898 400 3971 Si
419 3925 521 3983 nunc,
541 3897 607 3970 haec
620 3896 740 3968 indicia
755 3895 900 3997 sequuti,
911 3895 1009 3996 paulo
1028 3895 1128 3966 tutius
1141 3894 1181 3966 de
1198 3906 1290 3966 etate
1301 3896 1464 3996 scriptoris
1481 3899 1582 3970 nostri

310 4020 456 4120 judicare
484 4019 696 4102 voluerimus,
723 4032 899 4090 statuemus
929 4043 1003 4088 eum
1035 4016 1150 4088 soecnlo
1180 4029 1252 4116 post
1279 4016 1441 4090 Christum
1469 4032 1581 4091 natum

315 4142 455 4215 seeundo
474 4155 626 4225 exeunte,
647 4155 721 4214 ante
738 4167 860 4212 annum
881 4139 948 4240 196
967 4165 1030 4240 quo
1046 4138 1222 4238 Septimius
1235 4139 1373 4211 Severus
1392 4140 1582 4240 Byzantium

315 4265 441 4349 evertit,
456 4263 628 4365 scripsisse.

367 4387 446 4471 Quae
469 4398 576 4458 antem
599 4384 695 4457 luerit
723 4383 867 4482 Dionysii
891 4383 924 4453 in
947 4382 1115 4456 scribendo
1140 4384 1265 4483 Anaplo
1289 4383 1386 4465 lides,
1412 4382 1461 4455 vel
1484 4412 1519 4456 ex
1543 4413 1581 4456 eo

315 4521 447 4608 apparet
463 4506 550 4608 quod
566 4507 649 4606 ipse,
664 4519 818 4605 tanquam
833 4502 1008 4575 Pausanias
1023 4504 1251 4604 Descriptionis
1265 4504 1392 4578 Graeciae
1410 4520 1532 4589 auctor,
1548 4506 1580 4576 in

351 4691 374 4734 (¹)
396 4692 440 4747 Ed.
453 4693 532 4766 princ.
544 4711 600 4766 pag.
613 4693 658 4747 55.
1024 4687 1049 4730 Pl
1072 4689 1131 4745 Vide
1143 4690 1220 4754 inira,
1232 4710 1288 4765 pap.
1301 4711 1342 4763 17,
1355 4692 1371 4744 l.
1383 4692 1408 4745 3.

353 4775 377 4817 (ὓ
398 4776 459 4831 vite
474 4776 552 4839 intra,
569 4795 627 4851 pap.
642 4794 667 4847 7,
682 4776 699 4829 l.
713 4795 744 4848 9,
761 4782 785 4830 et
802 4781 908 4828 nostram
1023 4772 1049 4814 Pl
1070 4773 1130 4828 Vide
1142 4773 1219 4840 inira,
1232 4792 1288 4848 pap.
1302 4794 1350 4846 ap,
1363 4776 1379 4828 l.
1395 4793 1425 4848 ¹9
1439 4782 1464 4829 et
1478 4779 1520 4829 ot.

315 4859 504 4915 Adnotationem
518 4860 640 4921 criticam,
653 4877 709 4933 pag.
724 4860 766 4912 tt.
1021 4855 1048 4899 (θ)
1069 4856 1128 4911 Vide
1143 4856 1219 4919 inira,
1234 4876 1290 4931 pag.
1307 4861 1353 4917 28.
1369 4860 1385 4911 Ι.
1399 4859 1446 4922 23,
1462 4868 1485 4912 et
1499 4867 1581 4913 notant

354 4946 379 4985 (³¹
402 4944 463 4999 Vide
476 4944 552 5008 intra,
566 4962 622 5018 pag.
634 4943 675 5008 13,
689 4944 909 5005 l.1x,etnostram
972 4940 1016 4994 ‘od
1031 4942 1097 4995 hunc
1109 4941 1197 4995 locum.

316 5028 503 5084 Adnotationem
517 5029 639 5090 criticam,
653 5045 708 5101 pag.
724 5027 767 5079 h8.
1023 5023 1046 5065 θ)
1068 5024 1128 5079 Vide
1140 5025 1218 5087 intra,
1229 5043 1285 5098 pag.
1300 5044 1347 5096 sp,
1362 5025 1377 5077 l.
1390 5026 1483 5079 ai-sti.

1360 5157 1387 5192 b.
