4282 6368
556 588 593 648 tt
972 591 1172 657 *mouisti
1193 593 1385 656 BYZANTll

555 735 657 803 ωολῦς
667 737 732 831 γὰρ
750 743 800 803 ἐπ’
814 738 909 811 αὐτὴν
924 735 1095 822 ὠθούμενος
1107 718 1243 807 όστλοῦς
1256 738 1341 833 οτρός
1353 739 1410 811 τὴν
1428 741 1621 825 καλουμένην
1634 737 1821 824 ἀνθαμιλλά·

553 883 603 922 ται
621 858 720 926 Βοῦν·
741 859 806 926 ἔσίι
830 855 863 925 δὲ
886 860 953 929 οίον
973 862 1144 954 ἀφετίριον
1163 867 1218 928 τοῦ
1235 861 1319 954 ατρὸς
1340 862 1397 934 τάν
1417 860 1574 954 Εὐρώπην
1597 855 1744 927 όιάπλον·
1769 859 1821 929 καί

554 983 629 1045 κίων
647 980 733 1048 λίθου
747 987 871 1065 λευκοῦ,
885 981 954 1050 καθ’
968 981 1002 1054 ῦς
1015 983 1106 1065 βοῦς,
1122 982 1265 1076 Χάρητος
1280 961 1445 1055 Ᾰθηναίων
1458 984 1638 1076 σίρατηχοῦ
1650 985 1821 1057 παλλακὴν

553 1098 678 1169 Βοίδιον
696 1103 826 1171 ἐνταῦθα
842 1111 1003 1189 καμοῦσαν
1018 1100 1309 1177 ἀποκηόεῦσαντος·
1328 1105 1473 1188 σημαίνει
1493 1100 1525 1171 ἀὲ
1544 1110 1561 1177 ό
1581 1107 1745 1197 ἐπιγραφὴ
1766 1113 1820 1173 τοῦ

518 1240 533 1291 5
553 1223 650 1313 λόγον
668 1226 812 1300 τάληθές·
833 1232 863 1293 οί
882 1227 938 1311 μίν
955 1227 1019 1318 γὰρ
1035 1227 1155 1294 εἰκαίαν
1173 1229 1225 1294 καὶ
1238 1228 1460 1320 ἀταλαίπωρον
1472 1225 1657 1311 στοιοῦμενοι
1668 1229 1725 1301 τάν
1737 1228 1819 1294 lelo-

553 1347 635 1439 ρίαν,
655 1349 773 1416 οίονται
792 1358 846 1422 τῆς
863 1348 997 1444 ἀρχαίας
1015 1340 1130 1424 λη’ξεως
1149 1348 1226 1416 olvat
1245 1351 1302 1422 cilo
1316 1348 1434 1433 εἰκόνα,
1456 1351 1612 1417 ωλεῖσίον
1631 1350 1819 1416 ἀποπλανώ-

552 1495 638 1552 μενοι
658 1470 816 1543 τάληθοῦς.

604 1587 680 1658 Clll.
710 1591 802 1660 Μετὰ
815 1589 847 1660 ἀὲ
857 1596 913 1668 τόν
923 1594 1016 1676 Βοῦν,
1034 1576 1186 1688 Ηραγόρα
1197 1595 1308 1685 κρηνη,
1320 1594 1372 1661 καλ
1385 1596 1511 1676 τέμενος
1523 1594 1620 1686 ῦρωος
1631 1593 1816 1686 Εῦρνίσίον·

552 1712 618 1796 μεθ’
629 1714 664 1781 όν
682 1716 827 1801 αἰγιαλός
844 1715 966 1799 ῦπίιος,
978 1697 1076 1807 Ῐμέρῳ
1086 1722 1224 1802 οτοταμῷ
1233 1710 1478 1808 καταρόόμενος,
1492 1716 1543 1782 καλ
1554 1721 1587 1782 ἐν
1598 1719 1679 1802 αὐτῷ
1692 1717 1818 1800 τέμενος

500 1850 532 1903 m
551 1815 751 1925 Ᾱφροάίτηι·
779 1840 871 1930 οταρά
895 1834 927 1904 ‹l'
955 1839 1047 1905 αὐτόν
1073 1838 1180 1926 ὀλίγος
1211 1836 1321 1922 ίσθμός
1349 1840 1478 1911 οτολλὴν
1505 1841 1591 1904 uduo
1619 1838 1816 1932 στεριγροίφει

549 1958 758 2051 χερρόνησον,
783 1966 834 2047 ἐφ’
853 1959 887 2032 ῦς
907 1966 923 2033 rl
943 1960 1056 2042 ullas,
1075 1961 1187 2052 μικρόν
1204 1959 1281 2053 ὑπὲρ
1300 1954 1499 2032 Χαλκηδόνος
1512 1964 1675 2043 ποταμοῦ·
1692 1960 1744 2026 καλ
1767 1964 1817 2025 λι-

549 2081 638 2161 μένες
654 2080 886 2174 ἀμφοτέρωθεν,
903 2082 984 2149 κατά
997 2083 1052 2148 τάς
1066 2083 1118 2147 ἐπὶ
1134 2083 1189 2148 τόν
1208 2080 1320 2164 ἰσθμόν
1337 2083 1571 2172 ἀναχωρήσεις·
1592 2083 1746 2168 αὐτοφυὴς
1759 2081 1816 2164 μὲν

549 2204 662 2294 ὀσιρὸς
679 2207 818 2297 ἑσπέραν
835 2210 975 2296 ἀφορῶν,
991 2206 1212 2295 χειροποίητος
1233 2199 1267 2271 ἀὲ
1284 2208 1300 2269 ὁ
1318 2205 1403 2294 ωρός
1424 2205 1481 2276 τόν
1499 2206 1541 2270 ἔω
1557 2203 1607 2270 καλ
1626 2200 1814 2281 Βνζάντιον.

549 2324 634 2397 Αῦτη
649 2320 680 2389 δ’
691 2327 858 2409 ἀνέσίηκε,
873 2326 972 2414 λόφον
986 2326 1043 2410 μὲν
1060 2325 1306 2419 χθαμαλωτέρα,
1320 2321 1434 2393 welloe
1444 2320 1476 2391 tt
1494 2328 1689 2421 τραχυτέρα·
1706 2327 1817 2392 σολλὰ

498 2461 529 2513 15
549 2439 582 2512 tt
600 2453 633 2513 ἐν
654 2452 732 2530 αὐτῇ
754 2449 941 2533 θαυμάσια,
966 2447 1049 2515 κατά
1069 2474 1103 2515 τε
1125 2447 1321 2542 ἀρχαιότητα
1343 2454 1397 2520 τῆς
1421 2449 1570 2529 κτίσεως,
1593 2448 1644 2513 καλ
1664 2438 1814 2538 στράξεις,

589 2637 611 2690 1.
633 2641 677 2690 τὸν
697 2641 853 2706 καλούμενον
864 2637 948 2710 A¹.ll3.
961 2640 1071 2711 ρόχητος
1082 2640 1120 2692 λ’.

548 2871 621 2931 cuim
638 2872 775 2952 navigatio
795 2870 830 2931 ad
845 2872 937 2954 ipsmn
958 2871 1074 2954 impulsa
1095 2882 1188 2931 contra
1208 2872 1428 2953 promontorium
1448 2872 1620 2932 nominatum
1638 2871 1733 2931 Boaem
1751 2893 1815 2931 con-

548 2984 640 3034 certat.
657 2974 704 3035 Est
713 2984 804 3035 autem
819 2974 852 3057 [is
863 2973 948 3056 locus]
964 2983 1096 3056 tanquam
1113 2974 1293 3035 ecarcerihus
1309 2975 1436 3035 emittens
1447 2974 1610 3058 trajicientes
1625 2976 1653 3035 in
1664 2975 1813 3058 Europam.

549 3077 579 3138 ln
593 3077 646 3138 hoc
661 3079 847 3161 promontorio
862 3079 967 3140 exsistit
981 3079 1108 3140 columna
1124 3078 1222 3163 lapidis
1237 3079 1306 3146 albi.
1323 3080 1352 3140 in
1365 3102 1421 3163 quu
1432 3090 1518 3140 exstat
1533 3079 1595 3149 hoo,
1610 3081 1714 3163 quippe
1726 3101 1813 3162 quum

548 3180 671 3242 Charctis
681 3181 853 3264 imperatoris
863 3181 1069 3243 Atheniensium
1077 3181 1163 3264 pellex
1174 3180 1290 3243 Boidiou
1298 3182 1341 3242 hic
1350 3193 1457 3244 mortua
1467 3192 1493 3244 et
1503 3183 1610 3266 sepulta
1618 3182 1662 3244 sit.
1672 3182 1814 3266 Inscriptio

513 3296 528 3348 5
548 3295 640 3346 autem
660 3285 796 3369 signifieat
811 3285 944 3346 sermonis
964 3285 1120 3352 veritatem:
1141 3295 1169 3346 at
1189 3286 1241 3356 itti,
1262 3287 1310 3368 qui
1331 3308 1429 3346 vanam
1450 3296 1478 3348 et
1496 3286 1679 3371 negligentem
1695 3285 1815 3348 reddunt

548 3388 687 3448 historiam
698 3437 704 3457 ,
717 3396 816 3471 putant
826 3387 975 3472 imaginem
988 3387 1022 3447 ad
1034 3388 1179 3471 antiquum
1194 3386 1321 3449 eventum
1332 3390 1482 3471 pertinere,
1494 3388 1646 3472 plurimum
1657 3388 1815 3451 aberrantes

547 3491 698 3552 averitate.

589 3593 657 3655 CXI.
680 3594 744 3656 Post
759 3594 859 3678 [locum
876 3594 1053 3677 appellatum]
1071 3592 1187 3665 Bovem,
1207 3593 1353 3678 [sequitur]
1366 3594 1426 3655 lons
1442 3594 1619 3678 [nominatus]
1633 3594 1773 3676 Herogoru
1788 3605 1815 3656 et

546 3695 677 3756 delubrum
692 3693 784 3757 herois
796 3696 908 3757 Errasti.
921 3697 1077 3758 Secundum
1095 3695 1122 3758 id
1139 3696 1262 3779 [exsistit]
1279 3697 1354 3759 littus
1369 3696 1502 3780 supinum
1517 3697 1689 3781 etplanum,
1707 3697 1814 3757 Himera

496 3811 527 3865 to
547 3800 630 3861 llurio
639 3800 799 3883 irrigatum,
816 3801 844 3861 in
859 3801 975 3884 ipsoque
998 3800 1102 3863 Veneris
1117 3799 1252 3881 tenplum,
1271 3810 1355 3882 atque
1366 3800 1444 3883 juxta
1466 3800 1556 3882 ipsum
1578 3821 1679 3882 parvus
1697 3799 1814 3861 istlunus

547 3904 662 3964 multam
674 3904 873 3965 circumscribit
886 3903 1095 3975 cherronesum,
1112 3903 1139 3964 iu
1159 3925 1216 3986 qua
1231 3903 1297 3965 urhe
1320 3902 1480 3974 Chalcedon,
1499 3903 1583 3987 paulo
1598 3925 1681 3987 supra
1697 3904 1813 3964 llurium

548 4007 734 4091 [appellatum]
750 4006 949 4069 Chalcedonem
965 4007 1050 4091 [situl.
1064 4018 1162 4091 portus
1177 3986 1308 4090 utrinque
1323 4006 1447 4091 [habens]
1463 4007 1492 4068 in
1507 3991 1622 4070 [leuibus
1636 4009 1665 4068 in
1680 4007 1812 4069 isthmum

546 4110 748 4182 recedentibus,
769 4132 855 4174 unum
880 4110 993 4194 quidem
1012 4111 1166 4172 naturalem
1186 4109 1222 4171 ad
1241 4132 1385 4194 vesperam
1405 4119 1589 4193 spectantem,
1609 4109 1726 4172 alterum
1748 4130 1812 4171 vero

547 4214 748 4278 manufactum
763 4215 798 4275 ud
813 4214 877 4275 solis
892 4224 983 4275 ortum
1001 4224 1029 4276 et
1045 4212 1081 4275 ad
1100 4213 1273 4297 Byzantium.
1290 4213 1351 4296 lpse
1370 4225 1462 4275 autem
1477 4214 1597 4283 effertur,
1615 4213 1682 4275 colle
1699 4212 1813 4295 quidem

495 4327 527 4380 15
546 4317 685 4389 humilior,
701 4317 813 4402 planitie
824 4338 887 4378 vero
903 4317 1034 4400 asperior.
1049 4316 1134 4378 Multa
1146 4317 1173 4378 in
1190 4315 1279 4400 [urbe]
1300 4315 1350 4377 hac
1367 4316 1547 4378 admiratione
1566 4316 1665 4401 digna,
1684 4317 1720 4376 ob
1740 4317 1813 4377 anti-

546 4422 680 4505 quitatem
703 4422 818 4505 originis
837 4431 864 4482 et
879 4442 923 4481 res
937 4430 1029 4504 gestas
1049 4431 1076 4482 et
1094 4421 1219 4482 fortunas
1236 4430 1263 4481 et
1283 4421 1311 4481 in
1331 4431 1606 4503 utramquepartem
1627 4421 1812 4482 mutationes:

585 4581 641 4635 3-t.
652 4592 729 4634 exarat
740 4578 786 4633 Bor
798 4579 905 4634 Choretis
915 4580 1065 4653 imperatoris
1075 4578 1144 4633 Arte
1218 4579 1309 4633 deinde
1322 4597 1405 4633 versus
1413 4587 1467 4633 octo
1480 4571 1579 4650 ίναχίηι
1586 4578 1680 4650 βοὸικ.
1689 4600 1712 4630 τ.
1720 4583 1744 4632 λ.
1753 4597 1815 4652 quos

546 4667 662 4720 manuum
673 4665 761 4736 conpar
773 4684 845 4738 quom
859 4665 896 4718 hic
909 4675 1026 4717 mortuum
1040 4663 1143 4735 sepelivit
1217 4662 1272 4717 vide
1284 4662 1403 4736 infrollss.
1414 4665 1549 4716 νοηιιιιαινο
1560 4663 1708 4734 llermugora
1719 4661 1814 4737 Ghllg-

547 4749 641 4823 Ghll5.
650 4758 692 4804 cet
702 4750 887 4823 negligentemn
898 4746 1048 4821 om.Gb.ll6.
1054 4758 1142 4820 potant
1221 4766 1262 4800 ro.
1277 4747 1494 4820 trurssrrroflacio
1512 4746 1573 4821 Ghll
1582 4766 1590 4800 r
1599 4747 1623 4800 3.
1640 4747 1812 4801 enaturaleme

546 4835 651 4908 νοίίρικο
664 4832 733 4888 Bovis
745 4844 850 4886 amtoum
863 4831 956 4906 Ghllll.
968 4832 1141 4905 «plurimumn
1217 4851 1267 4886 om.
1279 4829 1341 4904 Ghll
1351 4833 1438 4885 13-1t.
1455 4850 1530 4885 utero
1548 4850 1622 4884 manu
1637 4830 1746 4884 lactum„
1762 4850 1811 4885 om.

546 4938 595 4973 om.
609 4917 702 4993 Ghllp.
720 4920 854 4973 coecitate.
867 4915 979 4989 Inscripti
992 4919 1053 4971 enim
1067 4919 1090 4969 in
1106 4936 1142 4970 co·
1218 4915 1265 4971 Gb.
1280 4914 1289 4989 ll
1308 4915 1348 4968 ιίι.
1366 4924 1407 4969 ret
1426 4915 1457 4967 ad
1474 4916 1636 4988 Bycantiumc
1651 4934 1701 4968 om.
1717 4914 1764 4970 Gh.
1775 4946 1812 4956 -

546 5003 633 5056 lamma
651 5002 704 5056 huri
722 5004 748 5056 lri
768 5022 850 5058 aeram
866 5013 921 5057 runt
942 5001 993 5065 (th,
1015 5002 1059 5075 qui
1071 5002 1141 5076 ponit
1217 5000 1370 5074 ipsopuidem
1384 4998 1766 5074 Gh.ll16.uorigiuisnom.Gb.
