4282 6368
551 615 584 652 rr
838 587 1132 654 cottuuurarto
1154 587 1516 652 roomoousrfflce.

553 734 628 806 teris
657 760 729 833 quae
752 732 793 805 od
816 732 1005 832 scripturam
1028 732 1206 832 pertinent,
1230 731 1296 803 baec
1319 731 1466 833 inprimis
1490 743 1601 803 notatu
1626 728 1722 826 digna
1749 728 1814 800 visa

551 869 626 927 sunt
645 888 652 926 ε

610 1083 639 1143 1⁰
667 1072 879 1144 iurrureuerro
894 1071 926 1142 in
941 1071 1048 1143 codice
1065 1098 1197 1171 prorsus
1216 1069 1336 1142 incerta
1351 1097 1386 1141 ac
1403 1068 1594 1169 plerumque
1610 1068 1719 1141 sensui
1733 1068 1814 1141 adeo

551 1193 708 1265 contrario
718 1250 726 1276 ,
736 1207 880 1265 uttextus
893 1193 959 1293 ipsc
969 1193 1452 1292 pravaverborumdistinctione
1461 1205 1695 1291 corrumpatur.
1704 1191 1814 1264 Exem-

552 1315 596 1414 pti
615 1342 708 1387 causa
728 1315 761 1387 iu
783 1315 925 1413 Dionysii
945 1313 1069 1414 Anaplo
1087 1313 1138 1417 (p.
1155 1314 1193 1399 6,
1210 1314 1232 1385 Ι.
1255 1314 1315 1414 16)
1334 1313 1484 1386 scribitur
1503 1319 1599 1404 τομὴ,
1619 1325 1717 1393 νῆσον
1735 1315 1814 1386 εἶναι

553 1437 608 1508 ubi
623 1436 797 1534 legendum
816 1445 850 1509 τὸ
869 1443 910 1526 μγ)
930 1449 1027 1516 νῆσον
1045 1439 1125 1509 εἶναι
1144 1437 1220 1536 quia
1240 1437 1347 1534 agitur
1364 1435 1403 1507 de
1420 1449 1573 1508 montano
1587 1437 1668 1535 jugo
1691 1464 1726 1507 ne
1745 1436 1815 1507 urba

551 1560 588 1630 sit
613 1559 708 1630 incedo
732 1559 934 1658 probibente.
963 1559 998 1631 ln
1024 1559 1088 1629 atio
1113 1558 1200 1658 apud
1225 1557 1375 1630 eumdem
1399 1557 1587 1657 Dionysium
1613 1557 1682 1629 loco
1707 1557 1755 1658 (p.
1775 1556 1812 1641 8,

554 1682 573 1751 Ι.
602 1679 639 1781 b)
663 1709 727 1780 quo
749 1681 901 1754 laudatur
926 1681 1006 1752 littus
1026 1681 1107 1752 netto
1129 1681 1304 1780 optimorum
1320 1679 1361 1752 od
1380 1697 1534 1779 capturum
1545 1681 1673 1780 piscium
1690 1679 1816 1752 detericu

552 1802 701 1874 scribitur
717 1805 749 1874 iu
768 1803 876 1877 codiee
896 1809 1039 1894 αἰγιαλὸς
1056 1809 1191 1900 χωρίον,
1209 1803 1332 1876 οὐδενὸς
1347 1802 1404 1874 ubi
1422 1801 1688 1900 distinguendum
1706 1812 1815 1895 atym-

552 1929 622 2015 λὸς,
641 1932 758 2021 χωρίον
780 1925 911 1998 οὐδενὸς.
935 1925 1026 1997 Unde
1044 1925 1139 1997 etiam
1163 1925 1194 1996 in
1220 1924 1430 2024 sequentibus
1454 1925 1546 1996 baesit
1562 1924 1714 1997 librarius
1732 1924 1815 1996 inter

432 2100 435 2109 ·
552 2053 716 2147 χείρωνεῑ
733 2058 853 2147 χεῖρον.
876 2046 1061 2144 [tegendum
1081 2062 1188 2119 autem
1209 2058 1333 2147 χεῖρον,
1354 2047 1474 2147 quippe
1497 2074 1598 2147 quum
1623 2046 1812 2145 adjectivum

552 2169 592 2240 ad
610 2175 728 2266 χωρίον
745 2169 912 2253 referatur,
932 2196 995 2240 oon
1014 2183 1121 2242 autem
1141 2168 1181 2240 ad
1195 2174 1339 2260 αἰγιαλὸς
1358 2182 1392 2240 ut
1410 2166 1542 2240 librario
1559 2169 1660 2240 visum
1679 2178 1755 2240 est.¹

608 2397 639 2454 2⁰
666 2385 818 2455 decumus
843 2383 1003 2455 interdum
1029 2384 1062 2455 in
1087 2382 1194 2455 codice
1218 2382 1413 2483 duplicatur,
1439 2382 1525 2455 verbi
1548 2384 1650 2481 gratia
1671 2385 1702 2455 in
1722 2411 1815 2456 voca-

552 2504 637 2577 bulis
661 2511 699 2576 dv
721 2503 885 2606 (scriptum
910 2502 971 2606 ἒν)
997 2520 1027 2577 et
1048 2505 1080 2576 tt
1102 2503 1268 2605 (scriptum
1292 2502 1365 2606 δὲ’).
1385 2506 1533 2578 Ceterum
1560 2506 1591 2576 iu
1620 2520 1752 2578 occentu
1777 2506 1814 2577 li-

552 2628 678 2700 brarius
698 2627 818 2699 fallitur
836 2654 935 2725 sape,
952 2627 1009 2727 qui
1027 2627 1118 2727 ponit
1139 2640 1249 2724 θῆρας
1265 2654 1323 2727 pro
1340 2633 1448 2724 &ripas
1467 2626 1593 2728 (Anapi.
1612 2627 1707 2727 B0sp.
1724 2656 1755 2728 p.
1775 2657 1813 2728 9,

554 2749 574 2819 Ι.
603 2747 661 2847 ro)
680 2762 711 2819 ct
730 2759 878 2846 ἀρπαγῆν
897 2776 953 2848 pro
968 2755 1118 2848 ἁρπαγήν
1136 2748 1231 2850 (ibid.
1252 2778 1283 2848 p.
1307 2752 1366 2830 13,
1382 2748 1402 2820 Ι,
1424 2748 1465 2848 ι).

607 2968 640 3035 3⁰
667 2965 783 3035 Nouius
804 2992 924 3035 ruormr
944 2965 1116 3064 saepissime
1136 2964 1320 3037 indicantur
1337 2964 1454 3036 lineola
1473 2965 1584 3038 loriter
1603 2965 1717 3038 inflexa
1735 2965 1812 3068 (ι),

553 3115 624 3186 quae
650 3086 804 3158 uocabulo
830 3086 1056 3187 superinducta
1080 3101 1137 3159 est.
1162 3087 1214 3159 Sic
1243 3088 1275 3159 in
1299 3087 1609 3161 Pseudo-Plutarchi
1633 3088 1742 3162 libello
1768 3090 1815 3162 De

553 3228 657 3299 fluviis
674 3226 822 3299 scribitur
837 3228 992 3316 putabas
1009 3234 1060 3299 καὶ
1080 3193 1243 3326 ttebptns
1261 3228 1316 3300 ubi
1334 3228 1429 3327 vulgo
1442 3228 1605 3322 Μύγδονος
1617 3234 1668 3300 καὶ
1684 3213 1815 3327 Ᾰλεξιρ-

553 3353 627 3449 ρόης
646 3349 735 3449 (ΧΗ,
755 3379 780 3432 1,
806 3349 876 3422 vide
898 3350 996 3434 infre,
1020 3379 1051 3450 p.
1071 3349 1146 3450 86).
1164 3350 1216 3422 Sic
1236 3351 1332 3423 etiam
1355 3351 1391 3474 ip
1412 3351 1523 3422 libetto
1547 3350 1660 3423 eodem
1686 3365 1816 3423 notatur

554 3517 671 3562 nomeu
693 3489 846 3587 Dereptbu
863 3487 1073 3591 (Δέρκυλλος)
1093 3491 1151 3563 boc
1169 3490 1287 3563 modo:
1306 3491 1447 3591 δέριιϋλλο
1467 3490 1563 3593 (ibid.
1578 3491 1659 3576 ΧΙΧ,
1679 3489 1736 3592 rv).

608 3680 640 3750 [1⁰
666 3678 755 3749 Nora
779 3705 944 3749 cucumare
974 3678 1111 3776 margini
1139 3678 1256 3750 codicis
1289 3679 1422 3779 appictae
1452 3706 1517 3750 non
1543 3679 1675 3751 fuerunt
1702 3680 1814 3752 eadem

552 3829 668 3881 manu,
689 3828 751 3901 quo
772 3813 887 3880 textus,
915 3813 1058 3873 exarata.
1083 3801 1161 3872 Nam
1186 3801 1278 3872 lectio
1305 3816 1351 3873 est
1376 3801 1539 3872 interdum
1562 3801 1701 3886 diversa,
1729 3803 1814 3874 utin

554 3921 859 3995 PseudoPlutarchi
886 3920 995 3993 libello
1021 3922 1066 3994 De
1092 3921 1195 3993 fluviis
1223 3921 1312 4023 (ΧΗ,
1332 3950 1372 4006 11,
1394 3923 1475 3994 inira
1499 3952 1531 4023 p.
1555 3925 1600 4022 87
1621 3937 1652 3995 et
1676 3923 1735 4025 pt)
1760 3924 1815 3995 ubi

552 4044 634 4144 lapis
659 4044 715 4144 qui
738 4043 895 4144 reperitur
911 4070 1010 4144 prope
1030 4043 1162 4115 flurium
1184 4044 1354 4143 Sangarim
1379 4043 1496 4116 dicitur
1518 4045 1552 4116 in
1575 4060 1658 4117 teitu
1684 4045 1813 4145 quidem

552 4171 759 4258 αὐτόγλυκος,
779 4165 812 4236 in
830 4164 974 4261 margine
994 4191 1067 4236 vero
1086 4168 1292 4256 αὐτόγλυφος.
1311 4165 1453 4264 Utraque
1474 4194 1588 4238 munus
1607 4168 1749 4267 ejusdem
1769 4182 1816 4239 est

553 4287 721 4388 temporis,
739 4285 845 4358 saeculi
863 4286 987 4358 circiter
1002 4284 1085 4357 rurmi
1100 4287 1253 4359 ineuntis.
1273 4287 1336 4359 Sed
1354 4288 1455 4360 altera
1473 4289 1647 4388 scriptura,
1665 4304 1813 4362 notorum

552 4408 685 4489 scilicet,
704 4407 830 4479 ridetur
847 4407 888 4478 ad
906 4422 1117 4479 correctorem
1136 4408 1314 4480 reserenda.
1335 4409 1558 4481 Corrcctioues
1581 4425 1688 4482 autem
1710 4411 1756 4482 vel
1779 4438 1813 4483 ex

554 4529 713 4612 Palatino,
729 4529 776 4600 vel
796 4557 829 4599 ex
847 4528 909 4600 alio
928 4528 1090 4600 simillimo
1107 4529 1252 4627 ejusdem
1267 4530 1395 4601 familiae
1415 4529 1522 4602 codice
1539 4532 1710 4604 duxerunt.

607 4747 639 4817 5⁰
666 4745 836 4816 Coueruorr
861 4771 1023 4815 soumruua
1045 4772 1107 4816 nou
1129 4744 1278 4817 ductibus
1300 4746 1395 4817 modo
1421 4745 1536 4817 calami
1555 4761 1586 4818 ct
1604 4775 1684 4847 quas
1702 4762 1815 4820 vocant

552 4867 701 4966 b‘gotmis,
722 4866 797 4938 inde
815 4893 833 4937 o
853 4865 967 4937 saeeulo
988 4865 1157 4939 undecimo
1177 4867 1209 4938 iu
1232 4866 1395 4939 codicibus
1419 4867 1650 4952 usitatissimis,
1670 4868 1726 4940 sed
1744 4868 1815 4940 aliis

553 4989 648 5060 etiam
668 4988 751 5060 notis
770 4987 995 5060 vetustioribus
1011 5002 1173 5073 constant,
1188 4989 1305 5088 quibus
1321 5016 1383 5061 una
1399 4989 1445 5061 vei
1464 4989 1573 5090 plures
1590 4990 1702 5063 litterae
1718 4991 1815 5065 inter·
