4282 6368
433 600 471 661 88
641 594 933 657 snt’ntnttnn'nt
956 594 994 656 ΙΝ
1016 592 1292 657 GEOGRAPHOS
1313 593 1484 658 GRAECOS

705 735 751 797 En.

432 883 459 940 5.
475 890 609 961 γεννᾶται
622 877 645 936 δ’
659 884 691 938 ἐν
706 883 781 960 αύτῷ
797 876 905 956 βοτάνη
919 886 956 952 τῇ
969 874 1024 934 δια-

472 984 567 1066 λέκτῳ
576 991 634 1042 τῶν
646 981 799 1063 βαρθάρων
808 977 895 1063 φρίξα
908 979 973 1039 καλ.

429 1092 555 1168 πηγάνῳ
569 1085 601 1146 δέ
612 1088 673 1146 ἐσίι

430 1195 514 1272 παρὰ
528 1189 581 1274 [τό]
597 1193 706 1272 Βορέου

430 1299 586 1371 σύσσημον
597 1295 747 1371 (σύσημον
760 1289 864 1373 Pnpud
879 1290 922 1357 Mt

432 1395 488 1459 XV.
508 1420 532 1458 1.
550 1395 736 1477 Κρύσίαλλος

432 1505 542 1560 ἐκεῖνος
550 1504 607 1581 γάρ

432 1608 545 1684 θέρους

431 1718 484 1776 την
502 1710 635 1776 τοιαύτην
657 1704 733 1764 ἰδέαν
754 1703 942 1783 διεξαγούσης
957 1706 1026 1783 (τὴν

473 1809 544 1869 ι’δίαν
557 1808 711 1889 διαγούσης
724 1809 742 1868 Ι)
758 1807 832 1890 apud
848 1807 889 1883 tl)

433 2532 505 2597 XVI.
525 2556 550 2594 ι,
566 2532 699 2592 ἐκαλεῖτο
714 2530 791 2591 δὲτὸ
806 2535 954 2613 πρότερον

433 2644 472 2714 μὴ
491 2635 689 2696 ἀναβαίνοντος
703 2644 754 2695 τού
769 2635 872 2694 Νείλου
890 2640 936 2694 καί
952 2634 1025 2715 λιμῷ

472 2745 678 2820 συνεχομένων
695 2747 752 2798 τῶν
771 2744 920 2820 ἐγχωρίων
940 2743 1025 2818 ἐχρη-

473 2865 526 2904 σεν
539 2849 555 2903 ό
569 2845 672 2904 Πύθιος
678 2849 732 2913 τὴν
739 2847 878 2924 εὐφορίαν
888 2845 937 2900 ἐὰν
947 2847 963 2901 ό
975 2840 1025 2920 βα-

473 2947 574 3008 σιλεύς
586 2950 781 3027 ἀποτρόπαιον
794 2955 881 3009 θεοῖς
899 2950 952 3014 την
967 2954 1024 3007 θο-

473 3055 582 3130 γατέρα
595 3053 680 3126 θύση

345 3284 349 3293 ·
432 3258 606 3337 Γαρμαθώνη
626 3264 683 3313 τῶν
699 3255 760 3314 κατ’
777 3255 921 3333 Αίγοπίον
943 3253 1025 3333 βασί-

474 3359 564 3419 λισσα
574 3362 671 3417 τόπων
682 3360 754 3437 (τῶν
761 3361 858 3417 τόπων
868 3356 971 3440 Ρομιιιί
983 3355 1026 3425 iit

474 3462 660 3523 ἀποάαλούσα
677 3462 900 3541 (ἀποάάλλουσα
915 3461 934 3521 Ρ
951 3460 1025 3543 apud

475 3566 517 3645 M)

431 3676 600 3752 χρυσοχόον
613 3668 665 3752 [ἐν]
680 3674 755 3746 ἀκμῇ
770 3668 881 3743 nanno„

431 3776 546 3855 ἐθρήνει
558 3774 715 3849 συμπαθῶς
726 3775 777 3830 τόν
790 3775 1006 3851 προειρημένον

431 3879 524 3957 χαρὰν
538 3875 711 3951 σκηψαμένη

431 3986 484 4049 την
500 3983 579 4042 θεὸν

432 4077 543 4164 ίλσίριδι

432 4187 729 4265 συμπεριενεχθέντος

432 4286 533 4348 Νεῖλος
547 4286 598 4345 δ’ὁ

435 4414 461 4451 υ.
477 4394 510 4450 όν
525 4394 576 4449 έάν

431 4502 518 4553 ποιεῖ
528 4492 559 4552 δέ
576 4490 696 4575 [ἀρισίαί
709 4496 787 4572 πρὸς
796 4496 863 4551 τούς
873 4491 1027 4570 δαιμονιζο-

475 4601 589 4674 μένους·
605 4600 660 4670 ἀμα
674 4598 732 4676 γὰρ
747 4594 852 4677 [αὐτὸν]
863 4597 1026 4678 προσθεθῆ·

474 4723 517 4759 ναι
530 4708 591 4759 ταῖς
601 4701 677 4780 ῥισίν
692 4702 849 4779 ἀπέρχεται
864 4703 898 4757 τό
913 4698 936 4757 δ.

433 4803 567 4863 ἀσέάειαν

434 4905 529 4987 ῥοῖζον

435 5009 462 5069 3.
479 4996 624 5091 Ᾰργιλλον

1366 736 1432 797 Con.

1099 884 1233 952 γεννᾶται
1243 875 1266 935 δ’
1275 881 1311 935 ἐν
1325 885 1369 936 τῶ
1378 880 1473 935 τύπω
1487 876 1595 956 βοτάνη
1608 875 1692 958 φρίξυ

1141 978 1306 1056 καλουμένη

1099 1087 1225 1161 οτηγάνω
1239 1082 1262 1141 δ’
1277 1085 1339 1144 ἐσΊί

1099 1189 1181 1266 παρὰ
1196 1185 1302 1269 βορέου

1099 1291 1255 1368 σύσσημον

1099 1392 1260 1472 κρύσίαλος

1100 1498 1210 1556 ἐκεῖνος
1222 1495 1254 1556 δέ
1268 1506 1420 1558 correctum
1438 1498 1463 1558 in
1479 1504 1537 1579 γὰρ

1100 1603 1189 1680 θέρει

1100 1708 1152 1772 τὴν
1165 1699 1235 1761 ίδίαν
1248 1701 1403 1782 διαγούσης

1143 1908 1207 1969 Post
1225 1909 1308 1971 verba
1328 1909 1362 1969 δι’
1383 1914 1473 1970 αίτίαν
1492 1914 1633 1979 τοιαύτην,
1655 1922 1695 1971 nst

1185 2014 1281 2074 tacunn
1300 2035 1429 2076 versuum
1445 2014 1539 2077 ιίεοοιιι
1557 2015 1583 2076 in
1604 2014 1696 2077 codice

1183 2125 1285 2178 nostro.
1302 2115 1334 2178 ln
1349 2116 1471 2178 Pntntino
1486 2127 1578 2179 nutem
1597 2117 1696 2179 desunt

1184 2241 1279 2282 versus
1294 2221 1406 2305 triginta
1421 2220 1477 2283 duo
1489 2231 1615 2284 monente
1626 2221 1695 2283 ΜῖιΙ-

1184 2323 1250 2383 tero.
1264 2322 1384 2406 Uterque
1396 2334 1458 2407 post
1471 2324 1596 2386 lacunam
1607 2324 1696 2387 verbis

1184 2426 1279 2510 incipit
1292 2425 1395 2487 Νεῖλος
1408 2432 1544 2505 ποταμός
1556 2431 1629 2489 ton.

1100 2530 1233 2590 ἐκαλεῖτο
1246 2529 1277 2590 δὲ
1290 2533 1440 2612 πρότερον

1101 2640 1140 2710 μη
1163 2634 1361 2694 ἀναάαίνοντος
1382 2644 1433 2694 τοῦ
1452 2634 1549 2694 νείλου
1569 2635 1696 2719 (signnm

1143 2737 1377 2819 transpositionis)
1388 2742 1439 2796 έάν
1450 2744 1465 2797 ὁ
1476 2737 1616 2818 βασιλεύς
1629 2744 1696 2798 ἀτο-

1141 2845 1280 2922 τρόπαιον
1288 2851 1377 2905 θεοῖς
1385 2851 1443 2901 τῶν
1453 2846 1603 2922 ἐγχωρίων
1611 2845 1697 2923 ἐχρη-

1142 2966 1196 3003 σεν
1210 2950 1226 3003 ό
1238 2947 1342 3004 σύθιος
1353 2952 1407 3016 την
1418 2951 1550 3027 ἀφορίαν,
1561 2950 1611 3004 ἐάν
1621 2951 1637 3005 ὁ
1647 2945 1697 3025 βα-

1143 3046 1243 3107 σιλεύς
1257 3051 1453 3129 ἀποτρόπαιον
1466 3058 1555 3112 θεοῖς
1571 3055 1624 3119 τὴν
1640 3059 1695 3112 θυ-

1142 3155 1252 3231 γατέρα
1265 3153 1350 3220 etan
1366 3152 1436 3232 (sic)

1100 3257 1275 3335 γαρμαθώνη
1294 3254 1374 3334 (cum
1395 3255 1475 3338 signo
1490 3255 1610 3315 nominis
1630 3278 1696 3337 μνο-

1143 3357 1211 3440 prii)
1225 3365 1283 3416 τῶν
1302 3357 1363 3417 κατ’
1379 3359 1517 3438 αίγυπίον
1537 3358 1696 3438 βασίλισσα

1141 3467 1238 3520 τύπων
1249 3460 1445 3523 ἀποέαλούσα.

1100 3671 1269 3748 χρυσοχόον
1283 3672 1359 3744 α’κμη
1372 3669 1482 3743 ἔβηύον

1101 3775 1214 3852 ἐθρήνει
1230 3775 1317 3830 αύτόν
1330 3775 1487 3848 συμπαθῶς

1101 3878 1185 3955 χάριν
1197 3875 1368 3951 σκεψαμένη

1101 3981 1152 4037 τόν
1167 3982 1248 4042 θεὸν
1318 4047 1319 4050 ¹

1101 4082 1194 4161 όσιριν

1101 4187 1344 4265 περιενεχθέντος

1101 4286 1196 4347 νεῖλος
1210 4286 1242 4347 δέ

1101 4394 1135 4449 ὃν
1149 4393 1183 4449 ἀν

1101 4494 1211 4552 πίοει·
1225 4491 1256 4552 δέ
1275 4496 1343 4553 τούς
1359 4490 1617 4571 δαιμονιζομένους·
1640 4498 1696 4570 άμα

1142 4600 1199 4679 γὰρ
1211 4605 1272 4656 ταῖς
1284 4598 1394 4655 τούτων
1407 4597 1606 4677 προσίεθηναι
1623 4600 1698 4677 ῥισίν

1143 4703 1300 4781 ἀπέρχεται
1314 4704 1348 4757 τό
1360 4697 1383 4756 δ.

1101 4803 1252 4863 εὐσέβειαν

1102 4902 1198 4986 ροῑξον

1103 5007 1223 5088 άργιλον
1239 5007 1296 5088 (hic
1309 5017 1335 5069 et
1349 5007 1434 5087 intra)
