4282 6368
732 1347 988 1410 torcamo
1009 1346 1196 1409 curaret

426 1552 472 1621 ΙΝ
504 1549 726 1622 DlONYSll
756 1549 985 1619 ΒΥΖΑΝΤΗ
1015 1547 1243 1618 ANAPLUM
1275 1546 1499 1620 ROSPOlll.

368 1943 465 1998 Titulus
472 1951 546 2017 atque
554 1942 681 1996 exordium
690 1959 767 2015 usque
774 1938 805 1994 ad
816 1939 886 1993 verba
897 1947 946 1994 τῶν
956 1937 1023 1992 δυεῖν
1030 1942 1272 2013 itsstpovservantur
1282 1941 1308 1993 in
1316 1940 1386 1994 codd.
1398 1941 1516 1997 Parisinis
1527 1945 1595 1997 rbus)

333 2037 389 2105 (tol.
400 2039 461 2107 sti),
473 2038 541 2091 2t06
550 2036 605 2108 (tot.
616 2038 678 2108 sc),
689 2035 758 2089 a55t
768 2034 823 2104 (lol.
836 2035 886 2089 130
895 2041 920 2087 et
930 2035 1091 2106 158),atque
1101 2033 1154 2087 aliis
1163 2033 1268 2088 aliarum
1278 2033 1490 2089 bibliothecarum.
1499 2037 1597 2090 Primus

332 2150 361 2184 ex
372 2131 453 2185 codice
462 2132 506 2204 qui
517 2131 582 2184 inter
594 2129 847 2184 Palatino-Vaticanus
857 2135 1001 2182 numeratur
1010 2146 1057 2181 mn
1069 2127 1147 2181 edidit
1158 2128 1205 2182 Leo
1216 2128 1318 2182 bllatius
1329 2130 1356 2182 in
1368 2130 1432 2183 notis
1441 2130 1472 2182 ad
1486 2129 1596 2183 Philonis

333 2225 441 2296 Byzantii
452 2223 487 2278 De
498 2235 585 2298 septem
595 2223 679 2277 muudi
688 2222 928 2292 miraculisfflomae,
943 2222 1040 2291 acto),
1056 2239 1117 2294 quas
1134 2221 1233 2295 repetiit
1247 2222 1354 2276 Orellius
1366 2222 1392 2275 in
1407 2222 1518 2295 ejusdem
1536 2223 1596 2277 Phi-

332 2320 395 2373 lonis
405 2318 513 2372 editione
525 2318 658 2392 lipsiensi,
668 2335 734 2371 anno
750 2317 828 2371 1816.
837 2315 894 2369 Post
901 2315 1016 2370 Allstium
1024 2314 1102 2368 edidit
1109 2315 1210 2369 Carolus
1220 2314 1329 2369 Dulrene
1337 2316 1376 2369 Du
1385 2316 1468 2389 Gange
1474 2317 1501 2370 in
1510 2317 1598 2390 primis

335 2411 547 2486 Constantinopolis
557 2413 694 2466 strictim
703 2411 800 2485 paginis
817 2409 931 2480 (Parisiis
946 2411 1043 2479 1680),
1057 2427 1086 2462 ex
1098 2408 1223 2463 codicibus
1234 2409 1350 2463 Vaticano
1365 2419 1387 2463 et
1403 2411 1490 2484 Regio,
1504 2418 1531 2464 ut
1544 2411 1596 2484 ipse

333 2514 434 2578 testatur
443 2508 469 2560 in
482 2505 638 2580 prelatione,
649 2523 705 2579 pag.
717 2525 735 2559 ι.
747 2503 822 2559 Dedit
831 2522 860 2558 ex
872 2503 965 2577 Gangio
977 2503 1103 2557 Fabricius
1114 2522 1171 2556 cmn
1184 2502 1398 2557 emendationibus
1410 2505 1504 2578 aliquot
1514 2506 1541 2559 in
1556 2506 1598 2559 Bi-

331 2600 449 2654 bliotbera
464 2601 561 2663 Graeca,
572 2599 619 2653 vol.
632 2599 673 2663 tt,
682 2617 737 2673 pag.
750 2599 802 2652 ott
815 2597 869 2669 (ed.
882 2596 990 2668 liedes).
1005 2598 1038 2651 lix
1052 2596 1139 2651 eodem
1153 2597 1246 2670 Gangis
1261 2597 1359 2671 repetiit
1372 2597 1504 2652 lludsonus
1516 2599 1542 2652 in
1555 2618 1597 2651 ro-

331 2693 424 2746 lumine
442 2693 514 2747 tertio
531 2693 734 2766 Geograpborum
748 2710 883 2766 grecorum
898 2690 1023 2744 minorum
1039 2690 1155 2762 (Osonioe
1173 2692 1265 2763 ¹7¹⁹l·
1286 2692 1373 2745 Denuo
1394 2691 1526 2746 ediderunt
1540 2693 1598 2747 Otto

332 2787 444 2841 Friclius
456 2788 554 2857 (1860)
567 2795 591 2841 et
598 2786 701 2841 Carolus
712 2787 832 2842 llillerus
842 2787 945 2857 (1861).
956 2786 1047 2840 Praeter
1057 2785 1151 2839 codices
1161 2804 1234 2859 supra
1246 2784 1336 2847 dictos,
1347 2785 1483 2839 laudatura
1494 2787 1599 2841 bliillero

331 2880 404 2934 codex
417 2880 567 2935 Matritensis
577 2900 601 2934 n.
619 2880 684 2943 138,
695 2898 770 2953 quem
780 2878 987 2934 Barssemackerus
995 2879 1022 2932 in
1033 2897 1105 2933 usum
1116 2885 1169 2951 ejus
1178 2879 1321 2933 contulerat.
1333 2879 1377 2934 llis
1386 2878 1514 2934 addendus
1524 2880 1597 2934 etiam

331 2974 405 3028 codex
418 2975 573 3029 l'lorantinus
586 2973 652 3029 unde
664 2974 735 3028 lluxit
745 2973 915 3047 apographum
929 2973 1072 3027 Vossianum
1082 2972 1114 3027 de
1126 2991 1176 3046 quo
1186 2972 1296 3046 loquitur
1308 2973 1510 3028 blontelalconius
1521 2973 1597 3045 (titt.

331 3068 435 3121 biblioth.
447 3071 470 3132 l,
480 3089 505 3143 p.
520 3072 572 3142 677
583 3070 623 3140 a),
634 3087 729 3122 necnon
745 3066 818 3121 codex
828 3066 1002 3121 Ambrosianus
1015 3085 1065 3140 quo
1080 3068 1218 3120 continetur
1231 3065 1340 3138 Dionysii
1353 3065 1464 3139 Byzantii
1477 3070 1598 3140 nauigatio

332 3162 446 3234 Bospori,
457 3171 518 3216 teste
527 3161 615 3215 eodem
626 3161 815 3217 ldontelelronio
829 3160 900 3230 (ibid.
911 3180 936 3235 p.
951 3160 1003 3232 1196
1015 3163 1052 3231 a).

371 3257 397 3310 ln
412 3255 571 3329 sequentibus
588 3254 656 3328 prior
670 3253 772 3328 quidem
791 3272 909 3309 numerus
920 3252 1036 3308 editionis
1050 3261 1138 3308 nostrae
1154 3254 1284 3328 paginam,
1299 3256 1419 3328 posterior
1432 3275 1488 3308 tero
1504 3257 1593 3310 lineam

333 3350 369 3403 rel
379 3369 475 3403 versum
488 3348 587 3403 indicat.

334 3545 363 3606 P.
377 3568 401 3613 s,
418 3544 435 3603 Ι.
454 3567 479 3604 ι.
504 3543 605 3626 μόνην]
623 3547 711 3621 μόνον
726 3544 808 3606 codex
824 3542 990 3607 Matritensis
1004 3544 1079 3628 apud
1094 3544 1249 3606 lllsillerum.

417 3649 434 3708 l.
449 3649 477 3710 3.
500 3647 646 3729 δυσχερὴς
659 3650 695 3718 ἣν
708 3647 813 3731 ἄλλως]
826 3649 865 3709 sic
877 3647 1046 3710 membranae
1060 3659 1169 3710 nostre.
1186 3647 1331 3731 δυσχερὴς
1342 3653 1378 3720 ito
1387 3653 1422 3709 ἂν
1431 3655 1468 3709 ὡς
1486 3650 1599 3733 conjecit

543 3751 680 3812 Fricliius.
696 3750 840 3834 δυσχερής
854 3755 888 3810 ἂν
903 3754 939 3823 ἦν
951 3752 1048 3812 ἄλλως
1061 3751 1200 3813 Miillcrus.

418 3857 436 3916 l.
454 3858 481 3917 b.
505 3860 577 3915 κατά
592 3854 640 3938 τε]
656 3859 743 3923 κατὰ,
765 3877 798 3915 τε
818 3854 987 3917 membranae
1005 3854 1133 3916 dividunt
1151 3877 1215 3939 qnae
1234 3855 1316 3915 etiam
1332 3855 1402 3917 inira
1418 3857 1460 3940 (p.
1479 3878 1510 3922 s,
1529 3855 1545 3916 l.
1564 3855 1599 3933 li)

543 3959 646 4021 habent
657 3968 724 4029 τοῦ,
734 3981 776 4019 τε.
826 4004 837 4031 ,

420 4063 437 4122 Ι.
455 4065 483 4124 6.
507 4061 568 4145 καὶ]
584 4062 661 4124 deest
674 4063 703 4123 in
714 4061 793 4124 codd.
805 4060 866 4124 lam
881 4062 1018 4146 supplevit
1029 4060 1162 4122 Frickius.
1178 4061 1258 4123 Ponit
1271 4064 1331 4144 [usi
1344 4064 1411 4143 τὴν]
1423 4062 1563 4126 llliillcrus.

364 4187 368 4197 ·
419 4165 486 4226 ibid.
507 4166 669 4249 ἐγγυςαθῆ]
685 4167 723 4227 sic
737 4164 817 4227 codd.
833 4165 941 4227 Ponant
954 4165 1097 4245 ἅγχιέαθῆ
1109 4166 1137 4225 in
1152 4174 1217 4227 nota
1231 4164 1368 4234 Frickius‚
1388 4167 1415 4226 io
1437 4176 1511 4228 teitu
1528 4168 1599 4229 Mat-

544 4270 626 4330 lerus.
640 4269 717 4330 Conf.
733 4268 803 4330 intra
818 4269 1029 4352 ippotadtstp.
1052 4268 1084 4340 li,
1105 4269 1123 4329 l.
1147 4270 1197 4338 15;
1218 4291 1246 4353 p.
1262 4272 1296 4338 8,
1316 4269 1334 4329 l.
1348 4268 1383 4349 6)
1402 4281 1429 4331 et
1447 4271 1601 4350 ἀγχιέαθές

544 4380 588 4457 (p.
602 4372 655 4443 31,
671 4373 689 4434 l.
704 4374 747 4452 li).
764 4372 928 4434 varietatem
943 4372 1065 4434 lectionis
1079 4372 1251 4434 retinendam
1267 4373 1369 4433 censui.

419 4476 437 4537 l.
454 4498 482 4557 7.
505 4475 686 4558 amarat]
702 4482 720 4544 ἠ
734 4480 867 4547 maon
883 4474 962 4537 codd.

420 4579 437 4639 l.
455 4601 482 4662 9.
506 4578 713 4662 περιαγωγὴν]
729 4585 914 4661 παραγωγὴν
925 4579 1040 4663 conjecit
1054 4577 1193 4641 Millerus.

421 4682 488 4743 ibid.
508 4682 581 4765 παρ’
596 4681 748 4766 ἀλλήλων]
763 4681 966 4764 crepantibus
979 4683 1093 4767 conjecit
1103 4681 1125 4743 F
1126 4681 1235 4744 riclius.

400 4786 417 4844 l.
439 4808 483 4845 ιο.
507 4786 568 4845 κατ’
581 4789 647 4847 εὐθὺ
663 4785 802 4868 nupcias]
823 4785 884 4845 κατ’
899 4789 1070 4869 εὐθυπορίας
1089 4785 1168 4848 codd.
1189 4786 1362 4869 Scripsenmt
1381 4786 1442 4846 κατ’
1459 4789 1526 4846 εὐθὺ
1543 4808 1599 4845 aro·

547 4895 623 4970 petas
638 4888 776 4958 Frickius,
791 4889 853 4949 κατ’
868 4892 935 4950 εὐθὺ
950 4895 1057 4971 neptas
1069 4888 1216 4959 Midum,
1227 4889 1275 4973 qui
1292 4898 1406 4950 tesmtur
1418 4889 1499 4950 etiam
1509 4889 1537 4950 in
1553 4910 1601 4950 co·

547 4991 607 5053 dice
618 4992 767 5054 llatritensi
780 4993 913 5077 scriptum
928 5014 986 5055 esse
996 4993 1057 5052 κατ’
1074 4996 1252 5075 εὐθυπορίαν.

1398 5117 1413 5169 t
