4282 6368
530 579 566 665 in
590 602 774 665 nronrsn
797 602 991 665 arzanrn
1015 599 1210 663 arianen
1233 600 1418 665 naseam.
1569 607 1608 669 aa

338 746 366 806 Ρ.
381 748 435 807 36.
448 745 464 804 Ι.
483 745 510 803 lr.
534 742 685 825 κλῄζεται]
699 742 845 815 κληίζεται
860 764 955 826 apogr.

443 850 458 906 l.
478 849 505 907 5.
529 845 671 929 πάροιθε]
684 848 829 928 πάροιθεν
840 867 936 929 apogr.

445 950 511 1010 ibid.
534 939 624 1032 llpos]
638 949 677 1010 sic
691 970 788 1032 apogr.
804 939 879 1030 llpar
894 948 969 1009 bliill.

446 1053 461 1112 Ι.
480 1055 506 1112 6.
531 1057 620 1134 αὐτὰρ
631 1050 706 1134 ἐγὼ]
722 1052 761 1112 sic
773 1058 897 1134 apognd
908 1051 939 1110 δὲ
949 1055 1009 1127 ἐγὼ
1017 1049 1113 1111 Gillias
1124 1051 1153 1110 in
1167 1050 1287 1112 editione
1301 1049 1468 1114 Elzeviriana
1478 1056 1489 1133 (
1495 1075 1521 1136 p.
1533 1055 1610 1137 {lb7l

571 1164 724 1216 correctam
737 1155 765 1215 in
780 1160 798 1221 ἡ
814 1153 845 1213 tt
860 1152 883 1212 δ’
899 1158 959 1234 ἐγὼ
974 1151 1049 1237 apud
1065 1152 1140 1214 llhll.

448 1257 463 1317 l.
482 1280 509 1338 7.
533 1257 575 1317 or'
589 1256 719 1340 ἑνιλωεν]
738 1261 788 1317 ὅτε
802 1257 907 1317 elatea
918 1272 1017 1340 apogr.
1033 1255 1120 1330 <Vide
1130 1255 1200 1317 intra
1216 1256 1357 1318 lectionem
1376 1258 1546 1342 dnthologiae
1559 1260 1610 1320 Pa-

573 1360 686 1441 latine).

448 1463 463 1521 l.
482 1464 510 1522 8.
533 1461 616 1544 τῇδε]
631 1462 700 1534 adhe
714 1485 809 1547 apogr.

448 1565 465 1624 Ι.
483 1588 510 1647 9.
534 1569 584 1636 ἦεν
598 1566 676 1648 ἐμοὶ]
690 1568 726 1636 ἦν
740 1571 772 1625 ἐν
785 1571 849 1643 ἐμοὶ
864 1587 960 1648 apogr.
974 1564 1084 1626 Correxi
1096 1587 1128 1626 ex
1139 1564 1273 1650 Hesychia
1285 1565 1388 1627 hlilesio
1397 1568 1610 1630 etConstantino

573 1666 820 1750 porphyrogenito.
837 1665 933 1727 Gillias
943 1665 1002 1745 (ed.
1018 1665 1150 1747 Elzevir.)
1160 1665 1257 1727 hahet:
1268 1665 1388 1726 Borthroo
1402 1665 1425 1725 δ’
1432 1672 1538 1737 ἤκουον
1550 1674 1610 1748 ἐγώ

571 1792 652 1829 τοτε·
665 1780 716 1829 νῦν
727 1769 759 1829 δὲ
773 1774 913 1852 Χάρητος.

615 1874 653 1934 Ex
668 1875 711 1935 his
723 1873 852 1935 omnihus
868 1883 943 1957 patet
952 1896 1015 1935 eum
1032 1872 1107 1935 haud
1122 1873 1202 1958 longe
1217 1896 1232 1934 a
1248 1876 1360 1936 veritate
1370 1875 1499 1936 abenare
1511 1879 1559 1960 qui
1575 1878 1610 1938 ad

573 1978 673 2038 calcem
686 1977 786 2038 codicis
802 1979 887 2039 nostri
902 1978 1010 2060 scripsit
1020 1976 1216 2062 antigraphum
1227 1999 1242 2039 e
1254 1999 1311 2061 qao
1323 1979 1402 2038 lluxit
1410 1978 1462 2040 hoc
1472 1980 1611 2063 exemplar

574 2102 629 2140 non
645 2080 850 2165 lnisseoptimae
863 2090 934 2141 notae
946 2078 1117 2162 (διώρθωται
1133 2085 1166 2140 οὐ
1181 2085 1258 2162 πρὸς
1269 2085 1348 2140 πάνυ
1364 2081 1522 2142 σπουδαῖον
1538 2088 1611 2142 ἀντί·

574 2186 715 2264 γραφον).
731 2182 827 2267 ltaque
841 2184 1013 2267 epigramma
1029 2182 1101 2243 idem
1117 2204 1150 2242 ex
1165 2182 1330 2267 antigrapho
1350 2185 1553 2246 accuratissimo
1565 2207 1611 2246 co-

575 2283 643 2346 dicis
665 2283 778 2347 Palatini
801 2284 968 2346 celeberrimi
988 2294 1017 2345 n⁰
1039 2307 1100 2346 narn
1123 2285 1199 2369 qnod
1224 2296 1378 2348 asservatur
1396 2288 1424 2348 in
1446 2286 1610 2349 Bibliotheca

578 2389 696 2449 Parisino
712 2386 824 2471 (Suppl.
841 2388 888 2449 Gr.
904 2395 934 2449 n⁰
951 2389 983 2457 h,
1000 2387 1044 2449 lol.
1059 2389 1115 2449 231
1131 2391 1171 2465 r⁰)
1185 2388 1239 2449 huc
1254 2411 1393 2473 apponere
1403 2390 1482 2473 jurat
1498 2415 1503 2451 :

617 2490 685 2570 (Tit.
700 2492 728 2551 in
742 2491 882 2575 margine)
893 2495 934 2552 ele
947 2498 1001 2562 τὴν
1017 2491 1208 2569 Δάμαλιντὴν
1221 2494 1375 2570 teleptensi
1386 2498 1484 2576 πέραν
1494 2505 1546 2554 τοῦ
1560 2493 1612 2574 βυ-

575 2594 687 2662 ζαντίον
703 2599 735 2654 ἐν
745 2594 942 2676 χρυσοπύλει,
955 2599 1004 2655 ἐπὶ
1019 2605 1070 2654 τοῦ
1082 2601 1184 2655 κίονος.

679 2765 779 2843 longlare
793 2776 837 2825 οὐκ
852 2775 900 2840 tlpl
913 2772 974 2844 βοὸς
986 2776 1060 2826 τύπος
1071 2771 1123 2826 οὐδ’
1136 2775 1177 2825 ἀπ’
1190 2777 1260 2840 ἐμοῖο

717 2863 832 2927 chaldam
843 2869 956 2920 ἄντωπὸν
968 2866 1109 2941 βοσνόριον
1119 2871 1236 2937 πέλαγος

683 2963 769 3019 κείνην
782 2963 833 3033 γὰρ
847 2965 876 3014 τὸ
889 2960 999 3034 πάροιθε
1012 2960 1089 3033 βαρὺς
1100 2963 1181 3032 χόλον
1193 2926 1292 3033 dll‘apiir
1305 2951 1374 3037 llpns

717 3058 744 3108 ἐς
754 3060 838 3128 φάρον
847 3053 892 3107 ἅδε
901 3055 924 3106 δ’
938 3057 989 3124 ἐγὼ
1002 3056 1122 3127 κεκροπίν
1135 3057 1182 3122 εἰμι
1194 3057 1266 3111 atnoe

683 3151 776 3202 εὐνέτις
787 3149 820 3199 a'*
835 3146 863 3202 δὲ
874 3149 977 3221 χάριτος
983 3142 1022 3188 l'l‘l
1033 3148 1115 3202 ἱτλων
1128 3147 1150 3200 δ’
1163 3152 1200 3203 ὅτ’
1214 3151 1310 3204 ἔκλινεν
1323 3154 1419 3203 ἐκεῖνος

718 3242 775 3299 aar*
788 3240 818 3294 δε
826 3245 979 3295 Φιλιππίων
990 3244 1123 3296 ἀντίπαλον
1134 3243 1282 3317 annotabo}

682 3333 779 3404 βοίδιον
789 3334 818 3387 δὲ
830 3338 956 3402 καλιῦμαν
968 3337 1020 3403 ἐγὼ
1029 3337 1098 3388 τότε·
1114 3343 1157 3389 νῦν
1171 3334 1199 3388 δὲ
1210 3336 1322 3409 χάρητος

717 3421 862 3487 εὖνέτιιν(“”)
875 3432 986 3503 ἠπείροιν
1000 3431 1119 3504 τέρπομαι
1130 3432 1291 3505 ἀμφοτέραις.

617 3643 687 3707 Cum
703 3644 746 3705 his
757 3644 919 3705 conserenda
934 3655 998 3705 sunt
1010 3667 1041 3705 ca
1059 3668 1122 3729 quae
1139 3646 1167 3706 in
1183 3646 1354 3728 epigramma
1371 3645 1422 3705 hoc
1440 3646 1612 3730 Anthologiae

578 3746 705 3808 Palatinae
720 3746 797 3827 (Vll,
816 3750 890 3829 rbp)
905 3758 966 3832 post
976 3749 1149 3832 imperfectos
1160 3747 1304 3819 branchii,
1319 3747 1436 3810 laoohsii
1451 3759 1535 3832 atque
1548 3751 1615 3809 alia-

576 3873 637 3912 rum
653 3850 773 3921 lahores,
789 3851 937 3912 novissime
948 3852 1061 3913 tentadt
1072 3851 1220 3912 Diihnerus
1232 3851 1260 3912 in
1274 3850 1502 3934 Epigrammatam
1515 3852 1614 3912 Antho-

576 3955 646 4036 logr'a
664 3953 786 4015 Palatino
800 3954 859 4034 (ed.
876 3953 966 4015 Didot.
984 3953 1101 4015 Parisiis.
1115 3976 1268 4023 nocacnnv.
1285 3976 1312 4037 p.
1326 3957 1384 4017 305
1401 3964 1427 4014 et
1443 3954 1527 4025 lr36l.

347 4159 374 4219 P.
388 4162 531 4242 371¹tsqq.
556 4158 621 4219 lnde
635 4169 791 4243 sequantur
805 4159 911 4220 Scholia
927 4169 953 4220 et
973 4160 1128 4221 Sumnraria
1149 4181 1345 4245 quaecumque,
1362 4160 1397 4221 ad
1416 4159 1540 4245 Dionysii
1560 4161 1614 4245 By-

577 4263 658 4322 zantii
680 4263 815 4344 Anaplum
836 4262 951 4346 bospori
968 4265 1132 4346 spectantia,
1153 4265 1271 4349 margini
1290 4263 1390 4326 codicis
1414 4263 1500 4324 rubro
1525 4265 1614 4326 colore

576 4367 686 4449 appicta
701 4364 879 4449 deprehendi.
895 4366 978 4428 Notas
984 4367 1066 4429 hasce
1078 4368 1244 4452 marginales
1252 4369 1281 4430 in
1289 4369 1437 4452 exemplari
1447 4390 1498 4429 suo
1509 4369 1612 4431 relnon

576 4467 674 4530 hahuit
687 4469 727 4529 rel
742 4469 835 4529 omisit
849 4468 955 4530 Gillias.
970 4468 1085 4531 Easdem
1102 4472 1130 4531 in
1145 4470 1300 4555 fragmento
1314 4470 1482 4533 londinensi
1495 4471 1613 4557 neglexit

581 4572 668 4633 Yates.
684 4572 765 4633 Haud
781 4582 871 4632 tamen
884 4572 1037 4654 spernenda
1051 4583 1129 4644 sant,
1141 4574 1246 4657 quippe
1260 4597 1323 4659 qua.
1335 4596 1390 4635 non
1400 4573 1484 4634 modo
1499 4573 1533 4636 ad
1549 4596 1614 4635 con-

580 4675 746 4736 lirmondam
768 4676 808 4736 vel
828 4674 1028 4737 emendandam
1049 4676 1192 4737 nominum
1211 4677 1389 4761 scripturam.
1408 4677 1456 4739 sed
1475 4679 1557 4739 etiam
1577 4678 1612 4738 ad

578 4778 754 4839 illustrandas
769 4800 811 4839 res
828 4778 933 4863 aliquid
947 4779 1069 4840 conferre
1084 4780 1202 4862 possint,
1216 4789 1248 4840 nt
1261 4780 1353 4842 videre
1363 4790 1403 4843 eat
1412 4803 1444 4843 ex
1455 4779 1556 4842 notulis
1567 4804 1612 4843 se-

577 4880 726 4965 quentihus
745 4902 864 4966 quarum
883 4883 960 4966 prior
979 4881 1092 4966 quidem
1114 4881 1148 4943 ad
1166 4884 1272 4944 Arriani
1292 4883 1515 4967 Bithyniaconrm
1539 4885 1612 4967 frag·

579 4993 719 5047 mentam.
736 4984 819 5046 altera
835 5007 898 5046 vero
914 4984 948 5047 ad
961 4987 1043 5047 situm
1056 4996 1153 5069 portus
1166 4986 1255 5048 Neorii
1271 4989 1396 5070 pertinet.
