4282 6368
532 651 558 689 n
768 566 777 588 θ
866 618 1136 683 Pnnnounlo
1157 616 1209 680 AD
1231 615 1465 680 LECTOREM.

531 769 682 850 motionis
704 767 962 874 fragmentum,
983 762 1127 842 libellus
1146 761 1196 841 Dc
1215 761 1317 840 ventis
1339 760 1597 852 Aristotelicus,
1620 759 1803 838 Hannonis

533 898 883 1007 Carthaginiensium
920 897 1013 1002 regis
1052 894 1205 1001 Perrplue
1242 893 1367 1000 tityre,
1409 891 1673 972 Chrestoncotlriae
1707 892 1804 998 frag·

532 1046 695 1113 mentum
712 1060 754 1110 ex
772 1027 965 1116 Strabone,
979 1039 1088 1134 atque
1106 1023 1447 1104 Pseudo-Plutarchi
1462 1023 1607 1103 libellus
1627 1023 1676 1101 Dc
1684 1023 1804 1130 stuciis

532 1167 682 1272 integer.
699 1161 831 1240 Totum
852 1187 941 1267 opus
962 1157 1136 1237 claudunt
1151 1156 1223 1235 duo
1241 1156 1376 1235 indices
1396 1155 1629 1264 alphabetici,
1647 1184 1802 1262 quorum

533 1324 628 1373 unus
652 1293 841 1372 historicus
862 1302 898 1368 et
917 1289 1177 1396 geographicas
1201 1288 1344 1366 nomina
1372 1315 1512 1379 rerum,
1533 1287 1712 1377 locorum,
1735 1286 1804 1364 ho-

533 1427 673 1503 minum
698 1423 808 1502 refert
832 1422 984 1500 maxime
1010 1419 1274 1510 memorabilia,
1296 1418 1387 1498 alter
1411 1447 1495 1497 vero
1520 1418 1567 1497 ad
1587 1419 1802 1525 graecitatem

533 1568 698 1663 spectans
719 1584 799 1663 quae
821 1555 894 1631 visa
914 1565 999 1631 sunt
1018 1565 1144 1631 notatu
1166 1550 1273 1658 digna
1294 1549 1466 1629 vocabula
1488 1563 1661 1630 recenset.

590 1688 763 1794 Superest
780 1698 820 1763 ut
841 1713 1037 1763 memorem
1056 1682 1278 1792 Appendices
1299 1681 1405 1773 duas,
1430 1710 1519 1790 quas
1545 1683 1710 1765 absoluto
1727 1689 1802 1793 jam

533 1820 633 1927 operi
653 1816 898 1926 superaddidi.
926 1815 1089 1907 Quarum
1118 1815 1217 1923 prior
1235 1813 1383 1922 quidem
1405 1827 1483 1892 tum
1504 1814 1703 1920 Perregctico
1723 1847 1805 1896 con-

534 1952 639 2041 tinet,
661 1950 733 2028 sive
754 1946 888 2027 scholia
914 1949 950 2025 in
972 1947 1181 2053 Dionysium
1204 1945 1305 2024 illum
1332 1974 1441 2053 quem
1466 1946 1573 2053 vulgo
1594 1948 1804 2055 Periegeteu

535 2095 663 2160 vocant
678 2080 723 2159 ab
740 2079 844 2158 editis
859 2078 1016 2170 diversa,
1035 2091 1113 2157 tum
1130 2079 1305 2185 Anonymi
1324 2076 1617 2185 Cosmogroplriom
1633 2109 1704 2159 una
1722 2112 1804 2161 cum

534 2212 676 2292 scholiis
690 2215 726 2291 in
743 2213 837 2290 llrati
853 2212 1093 2289 Plraenomena
1107 2240 1148 2288 ac
1162 2211 1379 2303 Diosemeia,
1393 2212 1429 2288 in
1445 2212 1576 2319 quibus
1590 2214 1696 2292 etiam
1715 2213 1806 2293 Geo-

534 2345 703 2453 graphica
718 2344 882 2453 quaedam
898 2353 1108 2433 occurrunt,
1121 2342 1275 2450 ideoque
1289 2372 1308 2419 a
1320 2344 1502 2451 proposito
1518 2356 1640 2422 nostro
1657 2346 1804 2424 minime

534 2475 650 2554 aliena
667 2475 844 2554 videntur.
865 2474 985 2552 Altera
1000 2502 1086 2551 vero
1105 2472 1356 2582 complectitur
1373 2487 1537 2583 excerpta
1558 2475 1802 2586 Geographica

535 2607 657 2686 decem
681 2637 699 2685 e
722 2609 827 2685 variis
847 2606 1079 2685 Bibliothecae
1096 2605 1250 2684 Publicae
1276 2605 1481 2684 Parisionsis
1502 2607 1682 2687 codicibus
1702 2623 1803 2687 eruta

535 2751 643 2846 atque
664 2738 858 2847 descripta,
874 2737 1006 2816 scilicet
1021 2736 1066 2815 de
1083 2736 1285 2828 Adiabene,
1306 2737 1351 2816 de
1372 2737 1500 2816 Arabia
1515 2738 1666 2831 Petraea,
1683 2741 1728 2819 de
1746 2741 1805 2818 lli-

536 2870 639 2947 runio
652 2868 741 2947 urbe
752 2869 981 2960 Noricorum,
995 2867 1039 2946 de
1051 2866 1164 2959 Getis,
1174 2867 1219 2947 de
1234 2866 1435 2960 Britannia,
1447 2869 1491 2947 de
1504 2870 1654 2950 Vesuvio
1666 2884 1805 2963 monte,

535 3002 579 3078 (le
599 3000 723 3078 Bcittia
744 2999 876 3091 insula,
899 2998 944 3078 de
964 2999 1054 3078 lstro
1074 2999 1240 3091 llumine,
1260 3000 1305 3079 de
1328 2999 1447 3108 Cypro
1473 3002 1606 3094 insula,
1631 3032 1703 3081 una
1724 3034 1804 3083 cum

535 3132 733 3238 fragmento
746 3129 873 3210 Ctesiae
889 3132 1036 3210 inedito.
1050 3131 1086 3210 si
1101 3159 1140 3210 ea
1158 3161 1272 3240 graece
1284 3145 1423 3212 tantum
1436 3162 1516 3212 cum
1533 3137 1657 3242 paucis
1668 3135 1806 3215 notulis

534 3261 647 3353 edidi,
665 3291 737 3342 non
754 3292 881 3343 vereor
898 3292 943 3343 ne
962 3265 1029 3364 sim
1044 3263 1291 3370 vituperabilis
1305 3265 1372 3344 hac
1386 3279 1501 3374 parte.
1519 3266 1558 3344 ld
1574 3268 1669 3346 enim
1688 3268 1805 3346 solum

533 3406 704 3502 prestare
724 3394 838 3486 volui,
861 3396 957 3473 hisee
977 3393 1107 3474 libellis
1127 3408 1166 3473 ut
1184 3394 1277 3474 docti
1298 3396 1462 3476 homines
1484 3398 1620 3477 diutius
1640 3428 1685 3478 ne
1706 3429 1808 3479 care-

534 3538 626 3603 rent.

591 3656 644 3734 'lu
672 3670 811 3748 autem,
841 3658 965 3748 lector,
993 3659 1021 3735 si
1051 3660 1184 3767 quain
1214 3658 1433 3740 absolvendo
1458 3690 1566 3769 opere
1597 3661 1806 3741 difficillimo

535 3790 654 3866 minus
677 3788 771 3868 bene
796 3802 1060 3880 successerunt,
1085 3789 1129 3868 da
1154 3793 1314 3882 reniam,
1336 3821 1476 3900 quaeso,
1497 3794 1539 3871 iis
1561 3823 1642 3900 quos
1660 3795 1808 3873 huorono

530 3948 654 4024 porum
678 3920 763 3998 court
785 3940 906 3999 notura
929 3921 1124 4000 erroribus.
1152 3921 1339 4030 Quidquid
1368 3951 1452 4002 vero
1481 3923 1568 4002 utile
1593 3924 1648 4003 vel
1673 3928 1808 4031 jucun-

535 4049 621 4128 dum
650 4079 690 4129 ex
722 4064 842 4130 nostro
870 4052 994 4132 labore
1024 4055 1243 4162 perceperis,
1270 4054 1360 4133 illud
1380 4054 1444 4134 tibi
1469 4058 1582 4164 prosit
1606 4057 1806 4166 studiisque

535 4183 616 4260 tuis.
642 4181 737 4261 Vale.
