4282 6368
523 603 561 664 ΙΝ
584 602 770 666 DIONVSll
792 601 987 666 BVZANTH
1011 601 1202 665 tdaetutt
1226 602 1408 665 nuseout.
1559 604 1598 664 [19

564 765 623 805 esse
637 766 736 806 nomen
751 745 908 828 proprium.
924 742 1159 828 quemadmodum
1171 742 1271 803 fluvius
1283 743 1358 826 apud
1369 743 1487 827 Delphos
1500 744 1601 805 dicitur

568 847 716 908 [llata'las.

333 951 360 1011 V.
373 951 407 1011 ili
417 1001 422 1015 .
434 952 449 1011 l.
462 975 506 1012 ro.
525 950 614 1011 ἄλλος
631 949 813 1033 ἀκροέύθιος]
824 951 863 1011 sic
877 949 969 1011 codex.
984 947 1084 1010 Confer
1099 947 1167 1009 inlra
1179 950 1189 1028 (
1199 972 1225 1031 p.
1245 951 1298 1017 rt.
1314 951 1331 1011 l.
1353 950 1404 1030 ili)
1418 954 1489 1026 μετὰ
1501 948 1532 1009 δὲ
1547 962 1600 1019 τὴν

563 1054 665 1126 ἄλλην,
681 1054 812 1138 Suspicor
831 1055 858 1114 iu
882 1053 971 1115 verbis
987 1051 1090 1121 ἄλλος,
1108 1052 1202 1124 ἄλλην
1221 1053 1304 1114 latere
1324 1073 1424 1114 nomen
1443 1053 1596 1136 proprium.

562 1157 663 1219 Confer
677 1157 798 1220 scholion
814 1156 849 1219 ad
865 1158 1019 1241 marginem
1035 1157 1135 1219 codicis
1147 1160 1189 1237 (u.
1203 1157 1258 1237 38)
1269 1156 1316 1218 uhi
1331 1155 1449 1241 legitur:
1467 1160 1536 1239 Περὶ
1548 1168 1598 1216 τοῦ

564 1267 596 1321 ἑο
605 1271 646 1343 τῷ
655 1261 826 1343 καλουμένῳ
839 1263 948 1321 Budas*
957 1269 1007 1320 τοῦ
1017 1266 1049 1320 έυ
1056 1270 1116 1320 τοῖς
1127 1264 1248 1319 Λουκίου
1259 1269 1310 1319 aaa
1319 1259 1539 1338 ὀνομαζομένου.
1553 1259 1600 1319 Ni-

564 1364 602 1425 hil
622 1365 742 1426 occurrit
760 1362 874 1425 subsidii
895 1363 1061 1425 inversione
1078 1363 1193 1425 Gillinna
1212 1387 1218 1424 :
1235 1377 1274 1423 est
1289 1364 1365 1444 palus
1384 1362 1480 1422 labem
1499 1362 1600 1422 radices

566 1468 614 1529 sub
626 1491 693 1550 aqua
707 1469 812 1528 latentes
814 1514 911 1528 .......
927 1466 987 1527 Post
995 1467 1117 1549 paludem
1129 1481 1188 1527 suat
1199 1464 1348 1548 Cdoemgia.
1362 1465 1415 1527 Sed
1428 1466 1496 1526 lorte
1507 1465 1598 1526 subest

564 1571 696 1633 iudiciuin
709 1570 821 1655 aliquod
835 1571 862 1632 in
872 1570 931 1631 loco
944 1569 1054 1653 Evagrii
1069 1592 1153 1653 quem
1165 1569 1262 1631 Gillius
1272 1569 1393 1630 laudavit
1408 1568 1464 1648 (De
1478 1569 1597 1653 Topngr.

564 1676 657 1737 Const.
674 1674 719 1743 lV,
736 1698 765 1745 x.
781 1697 809 1759 p.
827 1697 882 1736 aar
902 1673 946 1735 ed.
962 1675 1065 1757 princ.)
1085 1674 1133 1734 ubi
1149 1675 1241 1756 agitur
1256 1673 1289 1734 de
1306 1673 1399 1757 praelio
1418 1673 1507 1734 navali
1527 1685 1598 1735 tem-

563 1778 678 1860 poribus
697 1778 832 1839 Anastasii
850 1778 1023 1860 imperatoris
1043 1778 1113 1838 inter
1133 1776 1298 1837 Vitalianum
1318 1785 1345 1838 et
1365 1775 1469 1860 regiam
1485 1775 1597 1837 classem

563 1883 709 1943 commisso
721 1881 758 1943 ad
773 1883 856 1965 Sycas
871 1881 968 1961 (hodie
985 1880 1121 1960 Galatam)
1133 1881 1162 1941 in
1180 1880 1237 1941 loco
1255 1879 1327 1941 dicto
1349 1879 1478 1941 Vrrnsms
1496 1879 1542 1941 ubi
1559 1883 1598 1939 vi-

563 1985 644 2045 detur
663 1984 810 2069 legendum
830 1988 953 2065 Buda'pia
973 1984 1059 2062 (conl.
1075 1984 1113 2044 lle
1129 1984 1216 2065 Bosp.
1229 1982 1325 2044 Thrac.
1342 1981 1379 2052 ll,
1396 2005 1434 2048 tx.
1450 2006 1478 2066 p.
1496 1985 1533 2066 98
1553 1984 1596 2043 ed.

562 2089 677 2171 princ).

417 2192 433 2254 l.
455 2195 499 2253 13.
524 2191 750 2273 σαρολισθάυει]
772 2191 812 2251 sic
830 2190 928 2256 codex.
950 2191 1032 2251 veteri
1057 2211 1132 2249 more
1156 2211 1212 2272 quo
1232 2189 1596 2250 dlraddcu=dlradatoar

563 2292 746 2356 Retinendum
759 2294 860 2354 censui.

334 2398 359 2457 Ρ.
377 2398 457 2466 15,l.
473 2399 498 2456 la.
523 2396 640 2479 ἰσθμὸς]
655 2396 694 2457 sic
708 2396 801 2457 codex.
815 2396 964 2457 Isthmicum
975 2397 1181 2477 promontorium
1195 2394 1305 2461 Gillius.
1322 2396 1370 2479 qni
1387 2396 1453 2457 laiso
1469 2400 1597 2479 vocabula

563 2504 665 2577 ἰσθμὸς
678 2511 705 2562 et
720 2505 898 2582 ἀκρωτήριον
909 2499 1058 2583 conjunxit.

438 2606 453 2665 l.
471 2627 496 2684 7.
522 2603 652 2685 Συκίδες]
669 2604 707 2666 sic
727 2603 819 2665 codex.
835 2602 949 2685 Sycodes
965 2602 1025 2663 Gill.
1042 2602 1142 2663 Gonler
1156 2602 1277 2663 scholion
1292 2601 1327 2663 nd
1342 2606 1496 2687 marginem
1512 2608 1597 2667 nostri

561 2707 662 2769 codicis
676 2709 719 2785 (n.
738 2707 788 2788 lsi)
806 2711 894 2788 :ssapt
908 2704 1032 2766 Συκίδωυ
1045 2715 1103 2765 τῶν
1113 2715 1163 2764 uuo
1175 2712 1274 2765 Συκῶυ
1288 2705 1465 2786 λεγομένων.
1485 2707 1530 2769 Est
1543 2709 1596 2790 Sy-

561 2834 624 2872 cena
634 2811 772 2894 raginjam
780 2811 858 2893 calgo
869 2811 1000 2870 nominata
1013 2809 1108 2872 Galata
1119 2809 1253 2871 ntGillins
1261 2810 1298 2870 ait
1306 2810 1361 2889 (De
1369 2809 1488 2895 Topogr.
1501 2813 1595 2873 Const.

563 2917 606 2986 lV,
620 2940 659 2986 rr,
676 2938 703 3000 p.
720 2917 778 2978 as3
796 2914 838 2977 ed.
854 2916 1001 2999 principis;
1016 2937 1043 2998 p.
1061 2916 1119 2976 aaa
1133 2912 1175 2976 ed.
1192 2914 1392 2993 Elaeviriame).

416 3022 431 3081 l.
455 3045 497 3081 ro.
522 3018 708 3102 Σχοιυίκλου]
725 3021 763 3080 sic
778 3019 869 3080 codex.
887 3017 973 3080 Vertit
987 3017 1142 3099 Amphiarai
1156 3017 1288 3078 delubrum
1304 3017 1472 3101 Gillius.qui
1485 3041 1517 3080 ex
1532 3041 1597 3079 voca

561 3122 731 3203 Σχοιυίκλου
743 3122 821 3184 finxit
838 3121 922 3184 Oiclei
924 3120 1024 3204 filium.

436 3225 503 3285 ibid.
523 3225 612 3308 αὐτῷ]
629 3225 742 3286 correxi.
759 3223 936 3286 astacades.

416 3330 432 3388 l.
453 3353 497 3388 rr.
521 3327 638 3411 τοῦτον]
652 3329 764 3390 correxi.
781 3327 870 3389 Habet
882 3331 992 3387 salsus
1005 3325 1101 3392 codex.
1118 3328 1166 3410 qni
1182 3328 1263 3388 etiam
1281 3326 1415 3411 virgulam
1431 3328 1502 3388 inter
1516 3349 1593 3387 voni-

562 3430 625 3492 bula
637 3433 747 3490 τουτωυ
759 3441 787 3492 et
800 3424 958 3513 Ᾰμφιάραω
973 3430 1058 3514 ponit.

416 3535 431 3594 l.
455 3539 498 3596 13.
520 3534 665 3617 συναφής]
686 3535 724 3596 sic
738 3534 831 3595 codex.
848 3534 1030 3617 Transcripsit
1045 3533 1192 3615 Syamplus
1211 3534 1250 3593 rel
1265 3532 1387 3614 Syaplas
1401 3531 1496 3594 Gillius
1516 3534 1596 3615 (Sya-

557 3637 627 3719 plioa
642 3638 669 3698 in
682 3637 802 3700 editione
820 3638 957 3721 principe.
974 3659 1001 3720 p.
1021 3637 1070 3704 81.
1085 3634 1206 3718 Syaplas
1222 3636 1249 3696 in
1263 3635 1445 3706 Elreviriana,
1464 3658 1490 3719 p.
1511 3638 1594 3716 aar)⁸

564 3751 696 3824 tanquam
712 3741 734 3800 si
750 3740 818 3802 soret
832 3762 932 3803 nomen
947 3740 1011 3807 loci.
1028 3761 1075 3800 aen
1091 3761 1184 3800 errore
1198 3740 1323 3823 proprio,
1338 3760 1387 3801 sen
1400 3762 1482 3823 prava
1496 3739 1595 3800 codicis

562 3845 604 3903 sui
621 3844 736 3905 lectione
751 3843 888 3927 deceptus.

416 3950 432 4008 l.
455 3950 498 4008 ili.
524 3945 670 4030 Λύλητοῦ]
685 3948 791 4009 haerent
804 3947 973 4009 membranas
987 3949 1058 4008 inter
1072 3947 1203 4012 αὐλητῶν
1218 3957 1245 4008 et
1257 3947 1393 4017 αὐλητοῦ.

333 4053 359 4112 Ρ.
375 4053 424 4113 ili.
439 4052 454 4111 Ι.
470 4076 495 4111 s.
519 4050 731 4135 mediolaneasi]
746 4053 919 4134 σρούυουσα
933 4052 1125 4128 καθισῦαμέυη
1142 4048 1240 4117 codex.
1258 4049 1304 4111 uhi
1320 4049 1427 4111 videtur
1442 4049 1535 4111 deesse
1549 4056 1596 4110 nat

561 4153 635 4238 quod
645 4152 864 4214 uncisseclusnm
874 4154 985 4214 inserui.
995 4152 1124 4214 Sedlorte
1134 4151 1593 4237 vocabulumuadta'laptamglossa

565 4259 616 4317 luit
630 4257 659 4318 in
674 4265 778 4318 textum
789 4256 871 4318 illata.
885 4255 970 4318 Vertit
984 4254 1081 4316 Gillias
1094 4277 1149 4316 uno
1164 4255 1247 4316 verbo
1262 4277 1353 4337 sasque
1367 4255 1523 4316 riarduleatos
1532 4258 1594 4337 plu-

562 4382 632 4420 rare.

404 4463 418 4521 Ι.
438 4464 499 4532 a-5.
524 4461 809 4546 ἐπιλευκαιυόμευου]
824 4463 862 4524 sic
877 4462 968 4524 codex.
981 4461 1067 4523 Vertit
1078 4461 1293 4522 crudescentium
1308 4463 1418 4528 Gillias,
1434 4463 1548 4546 perinde
1563 4487 1594 4524 aa

561 4568 583 4627 si
599 4565 708 4649 legisset
722 4565 1008 4644 ἐπιλευκοιυομέυωυ.

436 4669 451 4727 Ι.
470 4691 497 4749 7.
521 4667 647 4751 ἄσωτος]
666 4668 704 4728 οἰο
721 4667 814 4729 codex.
832 4668 918 4730 Vertit
932 4669 1077 4728 luxuriosis
1092 4667 1201 4737 Gillias,
1218 4679 1349 4752 tanquam
1367 4669 1390 4730 si
1406 4670 1433 4730 in
1448 4669 1539 4732 codice
1554 4671 1593 4731 le·

560 4772 645 4854 gisset
660 4775 789 4831 ἀσώτοις.

437 4875 452 4934 Ι.
471 4900 497 4954 p.
523 4873 699 4957 Βοσπόρου]
721 4874 884 4957 βοσπορέαυ
898 4874 990 4936 codex.
1006 4880 1169 4956 Bounomos
1183 4875 1278 4958 scripsi
1295 4897 1326 4936 ex
1342 4874 1401 4937 aliis
1415 4876 1514 4938 codicis
1530 4878 1593 4939 locis

563 4976 611 5057 (cf.
628 4998 654 5059 p.
671 4976 704 5041 3.
721 4978 737 5038 Ι.
759 4977 809 5046 ιὶις
826 4999 852 5060 p.
869 4977 932 5048 5,t.
953 4999 1026 5060 r;p.
1044 4976 1355 5058 sa.l.aed.nostroe).

1389 5121 1403 5173 l
