<?xml version="1.0" encoding="UTF-8"?>
<!DOCTYPE html PUBLIC "-//W3C//DTD XHTML 1.0 Transitional//EN"
    "http://www.w3.org/TR/xhtml1/DTD/xhtml1-transitional.dtd">
<html xmlns="http://www.w3.org/1999/xhtml" xml:lang="en" lang="en">
 <head>
  <title>
</title>
<meta http-equiv="Content-Type" content="text/html;charset=utf-8" />
  <meta name='ocr-system' content='tesseract 3.04.00' />
  <meta name='ocr-capabilities' content='ocr_page ocr_carea ocr_par ocr_line ocrx_word'/>
</head>
<body>
  <div class='ocr_page' id='page_1' title='image "./dionysioubyzant00wescgoog_0077.png"; bbox 0 0 4282 6368; ppageno 0'>
   <div class='ocr_carea' id='block_1_1' title="bbox 531 617 1585 719">
    <p class='ocr_par' dir='ltr' id='par_1_1' title="bbox 531 617 1585 719">
     <span class='ocr_line' id='line_1_1' title="bbox 531 617 1585 719; baseline -0.001 -36"><span class='ocrx_word' id='word_1_1' title='bbox 531 704 540 719; x_wconf 30' lang='lat'><em>⁶</em></span> <span class='ocrx_word' id='word_1_2' title='bbox 663 620 737 683; x_wconf 85' lang='lat' dir='ltr'><strong>PER</strong></span> <span class='ocrx_word' id='word_1_3' title='bbox 761 617 981 682; x_wconf 86' lang='lat' dir='ltr'><strong>BOSPORUM</strong></span> <span class='ocrx_word' id='word_1_4' title='bbox 1004 619 1230 682; x_wconf 76' lang='lat' dir='ltr'><strong>nivisium.</strong></span> <span class='ocrx_word' id='word_1_5' title='bbox 1543 618 1585 682; x_wconf 80' lang='lat'><strong>33</strong></span> 
     </span>
    </p>
   </div>
   <div class='ocr_carea' id='block_1_2' title="bbox 317 739 1582 862">
    <p class='ocr_par' dir='ltr' id='par_1_2' title="bbox 317 739 1582 862">
     <span class='ocr_line' id='line_1_2' title="bbox 317 739 1582 862; baseline 0.001 -26"><span class='ocrx_word' id='word_1_6' title='bbox 317 790 322 802; x_wconf 90' lang='lat'><strong>·</strong></span> <span class='ocrx_word' id='word_1_7' title='bbox 368 763 461 836; x_wconf 80' lang='lat' dir='ltr'>CVII.</span> <span class='ocrx_word' id='word_1_8' title='bbox 491 768 636 835; x_wconf 83' lang='grc' dir='ltr'><em>Κατόπιν</em></span> <span class='ocrx_word' id='word_1_9' title='bbox 649 762 681 834; x_wconf 69' lang='grc' dir='ltr'><strong>δὲ</strong></span> <span class='ocrx_word' id='word_1_10' title='bbox 697 772 805 848; x_wconf 79' lang='grc' dir='ltr'><em>αὐτοῦ,</em></span> <span class='ocrx_word' id='word_1_11' title='bbox 822 765 928 850; x_wconf 75' lang='grc' dir='ltr'><em>τὸμὲν</em></span> <span class='ocrx_word' id='word_1_12' title='bbox 946 739 1048 860; x_wconf 77' lang='grc' dir='ltr'><em>Ᾰκραι</em></span> <span class='ocrx_word' id='word_1_13' title='bbox 1063 747 1228 844; x_wconf 55' lang='lat' dir='ltr'><strong>loedoriam</strong></span> <span class='ocrx_word' id='word_1_14' title='bbox 1240 766 1424 853; x_wconf 78' lang='grc' dir='ltr'><strong><em>λεγόμεναι,</em></strong></span> <span class='ocrx_word' id='word_1_15' title='bbox 1439 775 1493 836; x_wconf 89' lang='grc' dir='ltr'><strong>τοῦ</strong></span> <span class='ocrx_word' id='word_1_16' title='bbox 1505 771 1582 862; x_wconf 76' lang='grc' dir='ltr'><em>περὶ</em></span> 
     </span>
    </p>
   </div>
   <div class='ocr_carea' id='block_1_3' title="bbox 263 884 1586 2814">
    <p class='ocr_par' dir='ltr' id='par_1_3' title="bbox 315 884 1584 1224">
     <span class='ocr_line' id='line_1_3' title="bbox 316 884 1583 984; baseline 0 -26"><span class='ocrx_word' id='word_1_17' title='bbox 316 891 409 959; x_wconf 77' lang='grc' dir='ltr'><em>αὐτὰς</em></span> <span class='ocrx_word' id='word_1_18' title='bbox 430 892 602 979; x_wconf 84' lang='grc' dir='ltr'><em>α’γννμένον</em></span> <span class='ocrx_word' id='word_1_19' title='bbox 622 890 674 957; x_wconf 74' lang='grc' dir='ltr'><strong>καὶ</strong></span> <span class='ocrx_word' id='word_1_20' title='bbox 698 884 874 984; x_wconf 78' lang='grc' dir='ltr'><em>ῥοιζοῦντος</em></span> <span class='ocrx_word' id='word_1_21' title='bbox 900 886 1050 972; x_wconf 77' lang='grc' dir='ltr'><strong><em>κύματος,</em></strong></span> <span class='ocrx_word' id='word_1_22' title='bbox 1076 890 1112 956; x_wconf 84' lang='grc' dir='ltr'><strong>τὸ</strong></span> <span class='ocrx_word' id='word_1_23' title='bbox 1139 884 1172 955; x_wconf 72' lang='lat' dir='ltr'><strong>dl</strong></span> <span class='ocrx_word' id='word_1_24' title='bbox 1194 889 1327 956; x_wconf 88' lang='grc' dir='ltr'><em>Δίσκοι·</em></span> <span class='ocrx_word' id='word_1_25' title='bbox 1356 885 1467 974; x_wconf 77' lang='grc' dir='ltr'><em>μείζων</em></span> <span class='ocrx_word' id='word_1_26' title='bbox 1487 892 1543 976; x_wconf 76' lang='grc' dir='ltr'><strong>μὲν</strong></span> <span class='ocrx_word' id='word_1_27' title='bbox 1566 897 1583 958; x_wconf 82' lang='grc' dir='ltr'><strong>ὁ</strong></span> 
     </span>
     <span class='ocr_line' id='line_1_4' title="bbox 315 1005 1584 1107; baseline 0.001 -28"><span class='ocrx_word' id='word_1_28' title='bbox 315 1020 460 1106; x_wconf 84' lang='grc' dir='ltr'><em>πρῶτος,</em></span> <span class='ocrx_word' id='word_1_29' title='bbox 477 1013 568 1107; x_wconf 74' lang='grc' dir='ltr'><em>παρὰ</em></span> <span class='ocrx_word' id='word_1_30' title='bbox 585 1010 672 1079; x_wconf 78' lang='grc' dir='ltr'><em>πολὺ</em></span> <span class='ocrx_word' id='word_1_31' title='bbox 688 1007 720 1078; x_wconf 73' lang='lat' dir='ltr'><strong>dl</strong></span> <span class='ocrx_word' id='word_1_32' title='bbox 735 1006 957 1104; x_wconf 74' lang='lat' dir='ltr'><strong>dnodcc‘alepos</strong></span> <span class='ocrx_word' id='word_1_33' title='bbox 977 1008 1006 1103; x_wconf 76' lang='lat' dir='ltr'><strong>[a</strong></span> <span class='ocrx_word' id='word_1_34' title='bbox 1022 1005 1156 1107; x_wconf 77' lang='grc' dir='ltr'><em>ἕτερος]·</em></span> <span class='ocrx_word' id='word_1_35' title='bbox 1169 1012 1264 1098; x_wconf 76' lang='grc' dir='ltr'><em>ἄμφω</em></span> <span class='ocrx_word' id='word_1_36' title='bbox 1279 1007 1312 1078; x_wconf 71' lang='grc' dir='ltr'><strong>δὲ</strong></span> <span class='ocrx_word' id='word_1_37' title='bbox 1323 1011 1397 1080; x_wconf 90' lang='grc' dir='ltr'><em>καθ’</em></span> <span class='ocrx_word' id='word_1_38' title='bbox 1414 1013 1584 1095; x_wconf 75' lang='grc' dir='ltr'><em>ὁμοιότητα</em></span> 
     </span>
     <span class='ocr_line' id='line_1_5' title="bbox 316 1135 564 1224; baseline -0.004 -23"><span class='ocrx_word' id='word_1_39' title='bbox 316 1141 372 1202; x_wconf 89' lang='grc' dir='ltr'><strong>τοῦ</strong></span> <span class='ocrx_word' id='word_1_40' title='bbox 389 1135 564 1224; x_wconf 82' lang='grc' dir='ltr'><em>σχιίματος.</em></span> 
     </span>
    </p>

    <p class='ocr_par' dir='ltr' id='par_1_4' title="bbox 278 1250 1585 1586">
     <span class='ocr_line' id='line_1_6' title="bbox 278 1250 1579 1351; baseline 0.001 -28"><span class='ocrx_word' id='word_1_41' title='bbox 278 1271 294 1323; x_wconf 85' lang='grc'><strong>5</strong></span> <span class='ocrx_word' id='word_1_42' title='bbox 367 1250 476 1324; x_wconf 82' lang='lat' dir='ltr'>CVIII.</span> <span class='ocrx_word' id='word_1_43' title='bbox 506 1253 617 1343; x_wconf 85' lang='grc' dir='ltr'><em>Τοῦτῳ</em></span> <span class='ocrx_word' id='word_1_44' title='bbox 627 1253 757 1345; x_wconf 73' lang='grc' dir='ltr'><em>συνεχὲς</em></span> <span class='ocrx_word' id='word_1_45' title='bbox 771 1252 951 1348; x_wconf 63' lang='lat' dir='ltr'><strong>[Massaron]</strong></span> <span class='ocrx_word' id='word_1_46' title='bbox 963 1262 1008 1342; x_wconf 83' lang='grc' dir='ltr'><strong>τῷ</strong></span> <span class='ocrx_word' id='word_1_47' title='bbox 1019 1257 1099 1323; x_wconf 80' lang='grc' dir='ltr'><em>κατὰ</em></span> <span class='ocrx_word' id='word_1_48' title='bbox 1112 1257 1168 1326; x_wconf 71' lang='grc' dir='ltr'><strong>τὴν</strong></span> <span class='ocrx_word' id='word_1_49' title='bbox 1181 1256 1338 1351; x_wconf 78' lang='grc' dir='ltr'><em>Εὐρώπην</em></span> <span class='ocrx_word' id='word_1_50' title='bbox 1351 1257 1559 1350; x_wconf 79' lang='grc' dir='ltr'><em>παράλληλον</em></span> <span class='ocrx_word' id='word_1_51' title='bbox 1574 1280 1579 1292; x_wconf 93' lang='grc'><strong><em>·</em></strong></span> 
     </span>
     <span class='ocr_line' id='line_1_7' title="bbox 316 1373 1585 1471; baseline 0.001 -27"><span class='ocrx_word' id='word_1_52' title='bbox 316 1376 382 1462; x_wconf 84' lang='grc' dir='ltr'><em>μεθ’</em></span> <span class='ocrx_word' id='word_1_53' title='bbox 399 1378 524 1461; x_wconf 72' lang='grc' dir='ltr'><em>ῦλιμλν</em></span> <span class='ocrx_word' id='word_1_54' title='bbox 542 1378 712 1445; x_wconf 83' lang='grc' dir='ltr'><em>κοίλλισίος</em></span> <span class='ocrx_word' id='word_1_55' title='bbox 730 1380 764 1445; x_wconf 83' lang='grc' dir='ltr'><strong>ἔκ</strong></span> <span class='ocrx_word' id='word_1_56' title='bbox 780 1404 815 1445; x_wconf 93' lang='grc' dir='ltr'><strong>τε</strong></span> <span class='ocrx_word' id='word_1_57' title='bbox 832 1376 980 1465; x_wconf 81' lang='grc' dir='ltr'><em>μεγέθους</em></span> <span class='ocrx_word' id='word_1_58' title='bbox 997 1378 1049 1444; x_wconf 85' lang='grc' dir='ltr'><strong>καλ</strong></span> <span class='ocrx_word' id='word_1_59' title='bbox 1070 1377 1220 1466; x_wconf 74' lang='grc' dir='ltr'><em>ῦσνχίας·</em></span> <span class='ocrx_word' id='word_1_60' title='bbox 1235 1378 1432 1471; x_wconf 68' lang='grc' dir='ltr'><em>περιγράφει</em></span> <span class='ocrx_word' id='word_1_61' title='bbox 1446 1373 1479 1446; x_wconf 75' lang='grc' dir='ltr'><strong>δὲ</strong></span> <span class='ocrx_word' id='word_1_62' title='bbox 1492 1383 1585 1447; x_wconf 85' lang='grc' dir='ltr'><em>αῦτοῦ</em></span> 
     </span>
     <span class='ocr_line' id='line_1_8' title="bbox 316 1498 937 1586; baseline 0.002 -20"><span class='ocrx_word' id='word_1_63' title='bbox 316 1501 352 1567; x_wconf 84' lang='grc' dir='ltr'><strong>τὸ</strong></span> <span class='ocrx_word' id='word_1_64' title='bbox 370 1498 500 1586; x_wconf 80' lang='grc' dir='ltr'><em>μέγεθος</em></span> <span class='ocrx_word' id='word_1_65' title='bbox 514 1499 575 1585; x_wconf 67' lang='lat' dir='ltr'><strong>pov</strong></span> <span class='ocrx_word' id='word_1_66' title='bbox 589 1498 701 1582; x_wconf 75' lang='grc' dir='ltr'><em>βαθεῖα</em></span> <span class='ocrx_word' id='word_1_67' title='bbox 717 1500 769 1566; x_wconf 85' lang='grc' dir='ltr'><strong>καλ</strong></span> <span class='ocrx_word' id='word_1_68' title='bbox 783 1498 937 1584; x_wconf 76' lang='grc' dir='ltr'><em>μαλθακί.</em></span> 
     </span>
    </p>

    <p class='ocr_par' dir='ltr' id='par_1_5' title="bbox 318 1617 1585 1837">
     <span class='ocr_line' id='line_1_9' title="bbox 368 1617 1585 1714; baseline 0.001 -25"><span class='ocrx_word' id='word_1_69' title='bbox 368 1617 445 1689; x_wconf 82' lang='lat' dir='ltr'><strong>CIX.</strong></span> <span class='ocrx_word' id='word_1_70' title='bbox 475 1623 524 1689; x_wconf 82' lang='grc' dir='ltr'><strong>Τὰ</strong></span> <span class='ocrx_word' id='word_1_71' title='bbox 543 1617 576 1688; x_wconf 69' lang='grc' dir='ltr'><strong>δὲ</strong></span> <span class='ocrx_word' id='word_1_72' title='bbox 589 1622 668 1714; x_wconf 76' lang='grc' dir='ltr'><em>ὑπὲρ</em></span> <span class='ocrx_word' id='word_1_73' title='bbox 683 1629 738 1695; x_wconf 80' lang='grc' dir='ltr'><strong>τῆς</strong></span> <span class='ocrx_word' id='word_1_74' title='bbox 755 1622 933 1697; x_wconf 66' lang='grc' dir='ltr'><em>θαλάσσης</em></span> <span class='ocrx_word' id='word_1_75' title='bbox 945 1617 1058 1688; x_wconf 69' lang='grc' dir='ltr'><em>πεδίον</em></span> <span class='ocrx_word' id='word_1_76' title='bbox 1072 1622 1202 1689; x_wconf 72' lang='grc' dir='ltr'><em>ἑκόντες</em></span> <span class='ocrx_word' id='word_1_77' title='bbox 1216 1628 1260 1690; x_wconf 88' lang='grc' dir='ltr'><strong>είς</strong></span> <span class='ocrx_word' id='word_1_78' title='bbox 1272 1623 1330 1695; x_wconf 73' lang='grc' dir='ltr'><strong>τὴν</strong></span> <span class='ocrx_word' id='word_1_79' title='bbox 1342 1623 1457 1695; x_wconf 77' lang='grc' dir='ltr'><em>α’κτιίν·</em></span> <span class='ocrx_word' id='word_1_80' title='bbox 1473 1624 1585 1697; x_wconf 82' lang='grc' dir='ltr'><em>κέκλη-</em></span> 
     </span>
     <span class='ocr_line' id='line_1_10' title="bbox 318 1739 1584 1837; baseline 0 -28"><span class='ocrx_word' id='word_1_81' title='bbox 318 1770 368 1809; x_wconf 92' lang='grc' dir='ltr'><strong>ται</strong></span> <span class='ocrx_word' id='word_1_82' title='bbox 386 1739 419 1810; x_wconf 78' lang='lat' dir='ltr'><strong>‹ll</strong></span> <span class='ocrx_word' id='word_1_83' title='bbox 437 1744 656 1837; x_wconf 81' lang='grc' dir='ltr'><em>Χρνσόπολις·</em></span> <span class='ocrx_word' id='word_1_84' title='bbox 675 1749 716 1811; x_wconf 78' lang='grc' dir='ltr'><strong>ὡς</strong></span> <span class='ocrx_word' id='word_1_85' title='bbox 739 1745 795 1829; x_wconf 75' lang='grc' dir='ltr'><strong>μὲν</strong></span> <span class='ocrx_word' id='word_1_86' title='bbox 814 1745 895 1811; x_wconf 79' lang='grc' dir='ltr'><em>ἔνιοί</em></span> <span class='ocrx_word' id='word_1_87' title='bbox 914 1750 1026 1830; x_wconf 87' lang='grc' dir='ltr'><em>φασιν,</em></span> <span class='ocrx_word' id='word_1_88' title='bbox 1047 1744 1098 1809; x_wconf 74' lang='grc' dir='ltr'><strong>ἐπὶ</strong></span> <span class='ocrx_word' id='word_1_89' title='bbox 1121 1750 1176 1815; x_wconf 75' lang='grc' dir='ltr'><strong>τῆς</strong></span> <span class='ocrx_word' id='word_1_90' title='bbox 1194 1743 1328 1837; x_wconf 81' lang='grc' dir='ltr'><em>Περσῶν</em></span> <span class='ocrx_word' id='word_1_91' title='bbox 1349 1743 1515 1830; x_wconf 72' lang='grc' dir='ltr'><em>ἡγεμονίας</em></span> <span class='ocrx_word' id='word_1_92' title='bbox 1533 1751 1584 1811; x_wconf 83' lang='grc' dir='ltr'><strong>ἐν·</strong></span> 
     </span>
    </p>

    <p class='ocr_par' dir='ltr' id='par_1_6' title="bbox 264 1865 1586 2446">
     <span class='ocr_line' id='line_1_11' title="bbox 264 1865 1582 1961; baseline 0 -29"><span class='ocrx_word' id='word_1_93' title='bbox 264 1879 296 1933; x_wconf 86' lang='grc'><strong>10</strong></span> <span class='ocrx_word' id='word_1_94' title='bbox 317 1865 413 1932; x_wconf 87' lang='grc' dir='ltr'><em>ταῦθα</em></span> <span class='ocrx_word' id='word_1_95' title='bbox 428 1868 628 1950; x_wconf 79' lang='grc' dir='ltr'><em>ποιουμένων</em></span> <span class='ocrx_word' id='word_1_96' title='bbox 644 1872 699 1933; x_wconf 94' lang='grc' dir='ltr'><strong>τοῦ</strong></span> <span class='ocrx_word' id='word_1_97' title='bbox 712 1866 908 1960; x_wconf 68' lang='grc' dir='ltr'><em>προσιόντος</em></span> <span class='ocrx_word' id='word_1_98' title='bbox 917 1867 980 1932; x_wconf 81' lang='grc' dir='ltr'><strong>ἀπὸ</strong></span> <span class='ocrx_word' id='word_1_99' title='bbox 990 1872 1052 1933; x_wconf 83' lang='grc' dir='ltr'><strong>τῶν</strong></span> <span class='ocrx_word' id='word_1_100' title='bbox 1067 1865 1179 1959; x_wconf 74' lang='grc' dir='ltr'><em>πόρων</em></span> <span class='ocrx_word' id='word_1_101' title='bbox 1191 1872 1313 1959; x_wconf 80' lang='grc' dir='ltr'><em>χρυσοῦ</em></span> <span class='ocrx_word' id='word_1_102' title='bbox 1327 1867 1382 1933; x_wconf 82' lang='grc' dir='ltr'><strong>τὸν</strong></span> <span class='ocrx_word' id='word_1_103' title='bbox 1392 1865 1582 1961; x_wconf 80' lang='grc' dir='ltr'><em>ἀθροισμόν·</em></span> 
     </span>
     <span class='ocr_line' id='line_1_12' title="bbox 317 1969 1583 2082; baseline 0.002 -29"><span class='ocrx_word' id='word_1_104' title='bbox 317 1993 358 2054; x_wconf 82' lang='grc' dir='ltr'><strong>ὡς</strong></span> <span class='ocrx_word' id='word_1_105' title='bbox 374 1982 406 2054; x_wconf 75' lang='lat' dir='ltr'><strong>dl</strong></span> <span class='ocrx_word' id='word_1_106' title='bbox 426 1993 455 2054; x_wconf 89' lang='grc' dir='ltr'><strong>οί</strong></span> <span class='ocrx_word' id='word_1_107' title='bbox 473 1990 620 2072; x_wconf 89' lang='grc' dir='ltr'><em>πλείονς,</em></span> <span class='ocrx_word' id='word_1_108' title='bbox 640 1987 784 2082; x_wconf 80' lang='grc' dir='ltr'><em>Χρύσου,</em></span> <span class='ocrx_word' id='word_1_109' title='bbox 803 1983 921 2055; x_wconf 69' lang='grc' dir='ltr'><em>παιδὸς</em></span> <span class='ocrx_word' id='word_1_110' title='bbox 938 1981 1114 2082; x_wconf 64' lang='grc' dir='ltr'><em>Χρυσηίδος</em></span> <span class='ocrx_word' id='word_1_111' title='bbox 1135 1989 1188 2054; x_wconf 79' lang='grc' dir='ltr'><strong>καλ</strong></span> <span class='ocrx_word' id='word_1_112' title='bbox 1206 1969 1447 2076; x_wconf 79' lang='grc' dir='ltr'><em>Ᾰγαμέμνονος,</em></span> <span class='ocrx_word' id='word_1_113' title='bbox 1464 1989 1583 2075; x_wconf 82' lang='grc' dir='ltr'><em>τοίφος·</em></span> 
     </span>
     <span class='ocr_line' id='line_1_13' title="bbox 317 2105 1583 2204; baseline 0.002 -28"><span class='ocrx_word' id='word_1_114' title='bbox 317 2107 447 2176; x_wconf 78' lang='grc' dir='ltr'><em>ἐνταῦθα</em></span> <span class='ocrx_word' id='word_1_115' title='bbox 468 2111 531 2204; x_wconf 81' lang='grc' dir='ltr'><em>γολρ</em></span> <span class='ocrx_word' id='word_1_116' title='bbox 553 2112 646 2177; x_wconf 80' lang='grc' dir='ltr'><em>αὐτὸν</em></span> <span class='ocrx_word' id='word_1_117' title='bbox 669 2107 827 2198; x_wconf 86' lang='grc' dir='ltr'><em>φεῦγοντα</em></span> <span class='ocrx_word' id='word_1_118' title='bbox 847 2110 926 2176; x_wconf 82' lang='grc' dir='ltr'><em>κατὰ</em></span> <span class='ocrx_word' id='word_1_119' title='bbox 947 2105 1189 2195; x_wconf 69' lang='grc' dir='ltr'><em>δέοςΑίγίαθον</em></span> <span class='ocrx_word' id='word_1_120' title='bbox 1212 2109 1263 2195; x_wconf 73' lang='grc' dir='ltr'><strong>καὶ</strong></span> <span class='ocrx_word' id='word_1_121' title='bbox 1287 2109 1583 2204; x_wconf 76' lang='grc' dir='ltr'><em>Κλυταιμνιίσίρας,</em></span> 
     </span>
     <span class='ocr_line' id='line_1_14' title="bbox 316 2215 1586 2326; baseline 0 -29"><span class='ocrx_word' id='word_1_122' title='bbox 316 2229 486 2318; x_wconf 80' lang='grc' dir='ltr'><em>ἀφικέσθαι</em></span> <span class='ocrx_word' id='word_1_123' title='bbox 502 2226 719 2316; x_wconf 64' lang='grc' dir='ltr'><em>διανοούμενον</em></span> <span class='ocrx_word' id='word_1_124' title='bbox 738 2238 768 2300; x_wconf 77' lang='grc' dir='ltr'><strong>ἐς</strong></span> <span class='ocrx_word' id='word_1_125' title='bbox 786 2229 926 2326; x_wconf 82' lang='grc' dir='ltr'><em>Ταῦρονς</em></span> <span class='ocrx_word' id='word_1_126' title='bbox 943 2236 987 2300; x_wconf 88' lang='grc' dir='ltr'><strong>είς</strong></span> <span class='ocrx_word' id='word_1_127' title='bbox 1004 2215 1183 2319; x_wconf 78' lang='grc' dir='ltr'><em>Ῐφιγένειαν</em></span> <span class='ocrx_word' id='word_1_128' title='bbox 1198 2230 1409 2325; x_wconf 83' lang='grc' dir='ltr'><em>περαιοῦσθαι</em></span> <span class='ocrx_word' id='word_1_129' title='bbox 1427 2234 1483 2307; x_wconf 65' lang='grc' dir='ltr'><strong>τὴν</strong></span> <span class='ocrx_word' id='word_1_130' title='bbox 1498 2227 1586 2300; x_wconf 75' lang='grc' dir='ltr'><em>ἀδελ-</em></span> 
     </span>
     <span class='ocr_line' id='line_1_15' title="bbox 317 2333 1584 2446; baseline 0.002 -28"><span class='ocrx_word' id='word_1_131' title='bbox 317 2353 399 2439; x_wconf 77' lang='grc' dir='ltr'><em>φνίν·</em></span> <span class='ocrx_word' id='word_1_132' title='bbox 420 2347 475 2427; x_wconf 65' lang='grc' dir='ltr'><strong>ἤδη</strong></span> <span class='ocrx_word' id='word_1_133' title='bbox 498 2355 561 2446; x_wconf 80' lang='grc' dir='ltr'><strong>γὰρ</strong></span> <span class='ocrx_word' id='word_1_134' title='bbox 576 2350 655 2421; x_wconf 88' lang='grc' dir='ltr'><em>είναι</em></span> <span class='ocrx_word' id='word_1_135' title='bbox 674 2355 731 2428; x_wconf 65' lang='grc' dir='ltr'><strong>τὴν</strong></span> <span class='ocrx_word' id='word_1_136' title='bbox 748 2337 928 2442; x_wconf 84' lang='grc' dir='ltr'><em>Ῐφιγένειαν</em></span> <span class='ocrx_word' id='word_1_137' title='bbox 941 2333 1114 2445; x_wconf 74' lang='grc' dir='ltr'><em>Ᾰρτέμιὸος</em></span> <span class='ocrx_word' id='word_1_138' title='bbox 1129 2356 1261 2446; x_wconf 77' lang='grc' dir='ltr'><em>ίέρειαν·</em></span> <span class='ocrx_word' id='word_1_139' title='bbox 1280 2354 1365 2441; x_wconf 83' lang='grc' dir='ltr'><em>νόσῳ</em></span> <span class='ocrx_word' id='word_1_140' title='bbox 1377 2349 1410 2420; x_wconf 76' lang='lat' dir='ltr'><strong>dl</strong></span> <span class='ocrx_word' id='word_1_141' title='bbox 1425 2353 1584 2438; x_wconf 83' lang='grc' dir='ltr'><em>καμόντα,</em></span> 
     </span>
    </p>

    <p class='ocr_par' dir='ltr' id='par_1_7' title="bbox 263 2471 1586 2814">
     <span class='ocr_line' id='line_1_16' title="bbox 263 2471 1586 2569; baseline 0.002 -28"><span class='ocrx_word' id='word_1_142' title='bbox 263 2489 297 2541; x_wconf 83' lang='lat' dir='ltr'><strong>to</strong></span> <span class='ocrx_word' id='word_1_143' title='bbox 316 2479 503 2542; x_wconf 81' lang='grc' dir='ltr'><em>καταλιπεῖν</em></span> <span class='ocrx_word' id='word_1_144' title='bbox 519 2480 576 2564; x_wconf 81' lang='grc' dir='ltr'><strong>ἀφ’</strong></span> <span class='ocrx_word' id='word_1_145' title='bbox 592 2481 701 2543; x_wconf 78' lang='grc' dir='ltr'><em>ἑαυτοῦ</em></span> <span class='ocrx_word' id='word_1_146' title='bbox 718 2484 762 2563; x_wconf 81' lang='grc' dir='ltr'><strong>τῷ</strong></span> <span class='ocrx_word' id='word_1_147' title='bbox 778 2477 886 2569; x_wconf 81' lang='grc' dir='ltr'><em>χωρίῳ</em></span> <span class='ocrx_word' id='word_1_148' title='bbox 904 2476 1056 2559; x_wconf 78' lang='grc' dir='ltr'><em>τοῦνομα·</em></span> <span class='ocrx_word' id='word_1_149' title='bbox 1077 2471 1201 2543; x_wconf 74' lang='lat' dir='ltr'><strong>dilveiro</strong></span> <span class='ocrx_word' id='word_1_150' title='bbox 1215 2471 1246 2541; x_wconf 70' lang='grc' dir='ltr'><strong>δ’</strong></span> <span class='ocrx_word' id='word_1_151' title='bbox 1265 2476 1303 2542; x_wconf 74' lang='grc' dir='ltr'><strong>ἂν</strong></span> <span class='ocrx_word' id='word_1_152' title='bbox 1321 2477 1373 2543; x_wconf 75' lang='grc' dir='ltr'><strong>καὶ</strong></span> <span class='ocrx_word' id='word_1_153' title='bbox 1392 2472 1441 2542; x_wconf 79' lang='lat' dir='ltr'><strong>dccl</strong></span> <span class='ocrx_word' id='word_1_154' title='bbox 1456 2478 1513 2550; x_wconf 75' lang='grc' dir='ltr'><strong>τὴν</strong></span> <span class='ocrx_word' id='word_1_155' title='bbox 1528 2483 1586 2543; x_wconf 93' lang='grc' dir='ltr'><strong>τοῦ</strong></span> 
     </span>
     <span class='ocr_line' id='line_1_17' title="bbox 317 2595 1583 2692; baseline 0.002 -29"><span class='ocrx_word' id='word_1_156' title='bbox 317 2599 441 2681; x_wconf 78' lang='grc' dir='ltr'><em>λιμένος</em></span> <span class='ocrx_word' id='word_1_157' title='bbox 456 2598 613 2689; x_wconf 77' lang='grc' dir='ltr'><em>εὐκαιρίαν</em></span> <span class='ocrx_word' id='word_1_158' title='bbox 632 2596 711 2665; x_wconf 73' lang='lat' dir='ltr'><strong>ollam</strong></span> <span class='ocrx_word' id='word_1_159' title='bbox 722 2595 911 2681; x_wconf 78' lang='grc' dir='ltr'><em>κεκλῆσθαι,</em></span> <span class='ocrx_word' id='word_1_160' title='bbox 927 2601 1037 2691; x_wconf 80' lang='grc' dir='ltr'><em>χρνσῷ</em></span> <span class='ocrx_word' id='word_1_161' title='bbox 1049 2595 1310 2692; x_wconf 82' lang='grc' dir='ltr'><em>παρομοιοῦντων</em></span> <span class='ocrx_word' id='word_1_162' title='bbox 1328 2598 1364 2664; x_wconf 84' lang='grc' dir='ltr'><strong>τὸ</strong></span> <span class='ocrx_word' id='word_1_163' title='bbox 1382 2598 1583 2680; x_wconf 67' lang='grc' dir='ltr'><em>θανμαοῦόν.</em></span> 
     </span>
     <span class='ocr_line' id='line_1_18' title="bbox 368 2694 1582 2814; baseline 0.001 -28"><span class='ocrx_word' id='word_1_164' title='bbox 368 2714 430 2786; x_wconf 82' lang='lat' dir='ltr'><strong>CX.</strong></span> <span class='ocrx_word' id='word_1_165' title='bbox 460 2694 560 2787; x_wconf 72' lang='lat' dir='ltr'><strong>illudes</strong></span> <span class='ocrx_word' id='word_1_166' title='bbox 583 2720 664 2814; x_wconf 84' lang='grc' dir='ltr'><em>ίίκρα</em></span> <span class='ocrx_word' id='word_1_167' title='bbox 682 2718 858 2814; x_wconf 83' lang='grc' dir='ltr'><em>προπίπίει</em></span> <span class='ocrx_word' id='word_1_168' title='bbox 882 2724 950 2786; x_wconf 83' lang='grc' dir='ltr'><em>ταῖς</em></span> <span class='ocrx_word' id='word_1_169' title='bbox 972 2727 1027 2792; x_wconf 81' lang='grc' dir='ltr'><strong>τῆς</strong></span> <span class='ocrx_word' id='word_1_170' title='bbox 1046 2719 1213 2791; x_wconf 61' lang='lat' dir='ltr'><strong>&amp;aldelin</strong></span> <span class='ocrx_word' id='word_1_171' title='bbox 1233 2725 1376 2806; x_wconf 78' lang='grc' dir='ltr'><em>πληγαῖς</em></span> <span class='ocrx_word' id='word_1_172' title='bbox 1399 2715 1582 2812; x_wconf 75' lang='grc' dir='ltr'><em>ἐπίδρομος·</em></span> 
     </span>
    </p>
   </div>
   <div class='ocr_carea' id='block_1_4' title="bbox 316 2871 1586 3034">
    <p class='ocr_par' dir='ltr' id='par_1_8' title="bbox 316 2871 1586 3034">
     <span class='ocr_line' id='line_1_19' title="bbox 356 2871 1586 2947; baseline 0.001 -20"><span class='ocrx_word' id='word_1_173' title='bbox 356 2875 381 2927; x_wconf 86' lang='grc'><strong>3,</strong></span> <span class='ocrx_word' id='word_1_174' title='bbox 395 2877 409 2925; x_wconf 86' lang='grc' dir='ltr'><strong><em>ὁ</em></strong></span> <span class='ocrx_word' id='word_1_175' title='bbox 423 2877 511 2946; x_wconf 75' lang='grc' dir='ltr'><em>ἔτερος</em></span> <span class='ocrx_word' id='word_1_176' title='bbox 527 2893 576 2927; x_wconf 89' lang='lat' dir='ltr'><strong>om.</strong></span> <span class='ocrx_word' id='word_1_177' title='bbox 595 2872 682 2947; x_wconf 54' lang='lat' dir='ltr'><strong>⁸¹·ll5·</strong></span> <span class='ocrx_word' id='word_1_178' title='bbox 700 2875 807 2945; x_wconf 75' lang='grc' dir='ltr'><em>συνεχὲς</em></span> <span class='ocrx_word' id='word_1_179' title='bbox 822 2875 863 2925; x_wconf 80' lang='grc' dir='ltr'><strong>καί</strong></span> <span class='ocrx_word' id='word_1_180' title='bbox 880 2880 914 2940; x_wconf 84' lang='grc' dir='ltr'><strong>τῷ</strong></span> <span class='ocrx_word' id='word_1_181' title='bbox 992 2871 1033 2946; x_wconf 74' lang='lat' dir='ltr'><strong>ll7.</strong></span> <span class='ocrx_word' id='word_1_182' title='bbox 1046 2872 1132 2943; x_wconf 79' lang='grc' dir='ltr'><em>βαθεία</em></span> <span class='ocrx_word' id='word_1_183' title='bbox 1143 2872 1248 2946; x_wconf 56' lang='lat' dir='ltr'><strong>rillio.</strong></span> <span class='ocrx_word' id='word_1_184' title='bbox 1259 2881 1305 2926; x_wconf 91' lang='grc' dir='ltr'><strong>τοῦ</strong></span> <span class='ocrx_word' id='word_1_185' title='bbox 1312 2875 1469 2947; x_wconf 85' lang='grc' dir='ltr'><em>προσιόντος</em></span> <span class='ocrx_word' id='word_1_186' title='bbox 1479 2876 1527 2926; x_wconf 85' lang='grc' dir='ltr'><em>α’τὸ</em></span> <span class='ocrx_word' id='word_1_187' title='bbox 1537 2882 1586 2928; x_wconf 84' lang='grc' dir='ltr'><strong>τῦν</strong></span> 
     </span>
     <span class='ocr_line' id='line_1_20' title="bbox 316 2955 1583 3034; baseline 0.002 -24"><span class='ocrx_word' id='word_1_188' title='bbox 316 2959 404 3024; x_wconf 86' lang='grc' dir='ltr'><em>πόντῳ</em></span> <span class='ocrx_word' id='word_1_189' title='bbox 416 2955 501 3031; x_wconf 58' lang='lat' dir='ltr'><strong>tillio.</strong></span> <span class='ocrx_word' id='word_1_190' title='bbox 516 2957 569 3025; x_wconf 82' lang='grc' dir='ltr'><em>μεθ’</em></span> <span class='ocrx_word' id='word_1_191' title='bbox 578 2960 608 3010; x_wconf 81' lang='grc' dir='ltr'><strong>ὃν</strong></span> <span class='ocrx_word' id='word_1_192' title='bbox 618 2959 693 3011; x_wconf 81' lang='grc' dir='ltr'><em>λ’.-</em></span> <span class='ocrx_word' id='word_1_193' title='bbox 699 2960 862 3031; x_wconf 75' lang='grc' dir='ltr'><em>περιγραφὲς</em></span> <span class='ocrx_word' id='word_1_194' title='bbox 873 2959 913 3010; x_wconf 70' lang='lat' dir='ltr'><strong>At</strong></span> <span class='ocrx_word' id='word_1_195' title='bbox 989 2959 1092 3010; x_wconf 78' lang='grc' dir='ltr'><em>πόλεων</em></span> <span class='ocrx_word' id='word_1_196' title='bbox 1104 2966 1205 3030; x_wconf 81' lang='grc' dir='ltr'><em>χρυσοῦ</em></span> <span class='ocrx_word' id='word_1_197' title='bbox 1217 2959 1254 3012; x_wconf 86' lang='lat' dir='ltr'><strong>St.</strong></span> <span class='ocrx_word' id='word_1_198' title='bbox 1266 2958 1337 3034; x_wconf 54' lang='grc' dir='ltr'><strong>ΒΜ,</strong></span> <span class='ocrx_word' id='word_1_199' title='bbox 1346 2978 1354 3011; x_wconf 89' lang='grc' dir='ltr'><em>ι</em></span> <span class='ocrx_word' id='word_1_200' title='bbox 1362 2978 1387 3030; x_wconf 90' lang='lat'><strong>7.</strong></span> <span class='ocrx_word' id='word_1_201' title='bbox 1396 2959 1535 3018; x_wconf 67' lang='grc' dir='ltr'><em>θαλάσσης</em></span> <span class='ocrx_word' id='word_1_202' title='bbox 1544 2962 1583 3014; x_wconf 86' lang='lat' dir='ltr'><strong>ll&#39;.</strong></span> 
     </span>
    </p>
   </div>
   <div class='ocr_carea' id='block_1_5' title="bbox 267 3095 1588 4739">
    <p class='ocr_par' dir='ltr' id='par_1_9' title="bbox 317 3095 1586 3500">
     <span class='ocr_line' id='line_1_21' title="bbox 359 3095 1586 3193; baseline 0.002 -25"><span class='ocrx_word' id='word_1_203' title='bbox 359 3104 439 3168; x_wconf 89' lang='lat' dir='ltr'>CVII.</span> <span class='ocrx_word' id='word_1_204' title='bbox 461 3108 484 3168; x_wconf 83' lang='grc' dir='ltr'><strong>Α</strong></span> <span class='ocrx_word' id='word_1_205' title='bbox 498 3116 576 3191; x_wconf 86' lang='lat' dir='ltr'><strong>tergo</strong></span> <span class='ocrx_word' id='word_1_206' title='bbox 592 3117 683 3168; x_wconf 91' lang='lat' dir='ltr'><strong>autem</strong></span> <span class='ocrx_word' id='word_1_207' title='bbox 695 3106 813 3177; x_wconf 81' lang='lat' dir='ltr'><strong>Ciconii,</strong></span> <span class='ocrx_word' id='word_1_208' title='bbox 825 3107 999 3190; x_wconf 89' lang='lat' dir='ltr'><strong>suntpartim</strong></span> <span class='ocrx_word' id='word_1_209' title='bbox 1008 3095 1097 3188; x_wconf 79' lang='grc' dir='ltr'><em>Ᾰκραι</em></span> <span class='ocrx_word' id='word_1_210' title='bbox 1108 3101 1256 3176; x_wconf 75' lang='grc' dir='ltr'><em>Ροιζοῡσαι</em></span> <span class='ocrx_word' id='word_1_211' title='bbox 1270 3130 1343 3170; x_wconf 87' lang='lat' dir='ltr'><strong>exeo</strong></span> <span class='ocrx_word' id='word_1_212' title='bbox 1353 3109 1500 3170; x_wconf 78' lang='lat' dir='ltr'><strong>nominate</strong></span> <span class='ocrx_word' id='word_1_213' title='bbox 1510 3108 1586 3193; x_wconf 89' lang='lat' dir='ltr'><strong>quod</strong></span> 
     </span>
     <span class='ocr_line' id='line_1_22' title="bbox 317 3209 1585 3296; baseline 0.002 -25"><span class='ocrx_word' id='word_1_214' title='bbox 317 3212 387 3273; x_wconf 89' lang='lat' dir='ltr'><strong>circa</strong></span> <span class='ocrx_word' id='word_1_215' title='bbox 402 3210 476 3295; x_wconf 89' lang='lat' dir='ltr'><strong>ipsus</strong></span> <span class='ocrx_word' id='word_1_216' title='bbox 490 3211 658 3294; x_wconf 84' lang='lat' dir='ltr'><strong>franguntur</strong></span> <span class='ocrx_word' id='word_1_217' title='bbox 672 3209 773 3271; x_wconf 86' lang='lat' dir='ltr'><strong>ductus</strong></span> <span class='ocrx_word' id='word_1_218' title='bbox 788 3219 815 3271; x_wconf 93' lang='lat' dir='ltr'><strong>et</strong></span> <span class='ocrx_word' id='word_1_219' title='bbox 826 3231 909 3272; x_wconf 85' lang='lat' dir='ltr'><strong>cursu</strong></span> <span class='ocrx_word' id='word_1_220' title='bbox 925 3221 1118 3271; x_wconf 78' lang='lat' dir='ltr'><strong>murmurante</strong></span> <span class='ocrx_word' id='word_1_221' title='bbox 1131 3211 1323 3293; x_wconf 76' lang='grc' dir='ltr'><em>(ρόιζοῡντος)</em></span> <span class='ocrx_word' id='word_1_222' title='bbox 1336 3211 1472 3282; x_wconf 79' lang='lat' dir='ltr'><strong>seruntur,</strong></span> <span class='ocrx_word' id='word_1_223' title='bbox 1485 3213 1585 3296; x_wconf 89' lang='lat' dir='ltr'><strong>partim</strong></span> 
     </span>
     <span class='ocr_line' id='line_1_23' title="bbox 317 3312 1584 3399; baseline 0.003 -26"><span class='ocrx_word' id='word_1_224' title='bbox 317 3312 411 3374; x_wconf 65' lang='lat' dir='ltr'><strong>Decri:</strong></span> <span class='ocrx_word' id='word_1_225' title='bbox 425 3313 514 3397; x_wconf 89' lang='lat' dir='ltr'><strong>major</strong></span> <span class='ocrx_word' id='word_1_226' title='bbox 526 3312 638 3397; x_wconf 87' lang='lat' dir='ltr'><strong>quidem</strong></span> <span class='ocrx_word' id='word_1_227' title='bbox 655 3314 775 3397; x_wconf 83' lang='lat' dir='ltr'><strong>primus,</strong></span> <span class='ocrx_word' id='word_1_228' title='bbox 790 3313 878 3374; x_wconf 86' lang='lat' dir='ltr'><strong>multo</strong></span> <span class='ocrx_word' id='word_1_229' title='bbox 893 3335 956 3374; x_wconf 83' lang='lat' dir='ltr'><strong>vero</strong></span> <span class='ocrx_word' id='word_1_230' title='bbox 971 3314 1063 3374; x_wconf 92' lang='lat' dir='ltr'><strong>minor</strong></span> <span class='ocrx_word' id='word_1_231' title='bbox 1077 3314 1227 3384; x_wconf 89' lang='lat' dir='ltr'><strong>secundns;</strong></span> <span class='ocrx_word' id='word_1_232' title='bbox 1239 3314 1322 3376; x_wconf 90' lang='lat' dir='ltr'><strong>ambo</strong></span> <span class='ocrx_word' id='word_1_233' title='bbox 1337 3315 1465 3399; x_wconf 88' lang='lat' dir='ltr'><strong>appellati</strong></span> <span class='ocrx_word' id='word_1_234' title='bbox 1480 3337 1494 3376; x_wconf 90' lang='lat' dir='ltr'><strong>a</strong></span> <span class='ocrx_word' id='word_1_235' title='bbox 1507 3316 1584 3377; x_wconf 88' lang='lat' dir='ltr'><strong>simi-</strong></span> 
     </span>
     <span class='ocr_line' id='line_1_24' title="bbox 319 3414 555 3500; baseline 0.004 -24"><span class='ocrx_word' id='word_1_236' title='bbox 319 3414 434 3477; x_wconf 91' lang='lat' dir='ltr'><strong>litudine</strong></span> <span class='ocrx_word' id='word_1_237' title='bbox 449 3417 555 3500; x_wconf 86' lang='lat' dir='ltr'><strong>figurae.</strong></span> 
     </span>
    </p>

    <p class='ocr_par' dir='ltr' id='par_1_10' title="bbox 282 3517 1586 3810">
     <span class='ocr_line' id='line_1_25' title="bbox 282 3517 1586 3607; baseline 0.005 -30"><span class='ocrx_word' id='word_1_238' title='bbox 282 3526 298 3577; x_wconf 87' lang='lat'>5</span> <span class='ocrx_word' id='word_1_239' title='bbox 360 3517 453 3581; x_wconf 81' lang='lat' dir='ltr'>CVIII.</span> <span class='ocrx_word' id='word_1_240' title='bbox 478 3519 549 3581; x_wconf 85' lang='lat' dir='ltr'><strong>Huic</strong></span> <span class='ocrx_word' id='word_1_241' title='bbox 564 3520 725 3581; x_wconf 89' lang='lat' dir='ltr'><strong>continuum</strong></span> <span class='ocrx_word' id='word_1_242' title='bbox 741 3529 782 3581; x_wconf 90' lang='lat' dir='ltr'><strong>est</strong></span> <span class='ocrx_word' id='word_1_243' title='bbox 795 3519 954 3605; x_wconf 78' lang='lat' dir='ltr'>[Metopon]</span> <span class='ocrx_word' id='word_1_244' title='bbox 968 3519 1078 3605; x_wconf 87' lang='lat' dir='ltr'><strong>Metopo</strong></span> <span class='ocrx_word' id='word_1_245' title='bbox 1091 3519 1226 3603; x_wconf 76' lang='lat' dir='ltr'><strong>Europen</strong></span> <span class='ocrx_word' id='word_1_246' title='bbox 1238 3521 1409 3605; x_wconf 78' lang='lat' dir='ltr'><strong>parallelum.</strong></span> <span class='ocrx_word' id='word_1_247' title='bbox 1426 3521 1586 3607; x_wconf 88' lang='lat' dir='ltr'><strong>Postquam</strong></span> 
     </span>
     <span class='ocr_line' id='line_1_26' title="bbox 318 3621 1586 3709; baseline 0.003 -27"><span class='ocrx_word' id='word_1_248' title='bbox 318 3623 445 3706; x_wconf 88' lang='lat' dir='ltr'><strong>sequitur</strong></span> <span class='ocrx_word' id='word_1_249' title='bbox 461 3632 559 3706; x_wconf 91' lang='lat' dir='ltr'><strong>portus</strong></span> <span class='ocrx_word' id='word_1_250' title='bbox 574 3621 766 3706; x_wconf 75' lang='lat' dir='ltr'><strong>magnitudine</strong></span> <span class='ocrx_word' id='word_1_251' title='bbox 783 3632 810 3684; x_wconf 91' lang='lat' dir='ltr'><strong>et</strong></span> <span class='ocrx_word' id='word_1_252' title='bbox 825 3623 1022 3707; x_wconf 88' lang='lat' dir='ltr'><strong>tranquillitate</strong></span> <span class='ocrx_word' id='word_1_253' title='bbox 1036 3623 1246 3708; x_wconf 90' lang='lat' dir='ltr'><strong>pulcherrimus.</strong></span> <span class='ocrx_word' id='word_1_254' title='bbox 1264 3623 1352 3706; x_wconf 85' lang='lat' dir='ltr'><strong>Ipsius</strong></span> <span class='ocrx_word' id='word_1_255' title='bbox 1367 3625 1586 3709; x_wconf 81' lang='lat' dir='ltr'><strong>magnitudinem</strong></span> 
     </span>
     <span class='ocr_line' id='line_1_27' title="bbox 319 3725 935 3810; baseline 0 -24"><span class='ocrx_word' id='word_1_256' title='bbox 319 3725 519 3810; x_wconf 78' lang='lat' dir='ltr'><strong>circumscribit</strong></span> <span class='ocrx_word' id='word_1_257' title='bbox 531 3726 608 3787; x_wconf 90' lang='lat' dir='ltr'><strong>littus</strong></span> <span class='ocrx_word' id='word_1_258' title='bbox 621 3726 792 3810; x_wconf 89' lang='lat' dir='ltr'><strong>pmlundum</strong></span> <span class='ocrx_word' id='word_1_259' title='bbox 807 3736 835 3788; x_wconf 86' lang='lat' dir='ltr'><strong>et</strong></span> <span class='ocrx_word' id='word_1_260' title='bbox 844 3727 935 3788; x_wconf 92' lang='lat' dir='ltr'><strong>molle.</strong></span> 
     </span>
    </p>

    <p class='ocr_par' dir='ltr' id='par_1_11' title="bbox 320 3828 1587 4017">
     <span class='ocr_line' id='line_1_28' title="bbox 361 3828 1585 3915; baseline 0.004 -27"><span class='ocrx_word' id='word_1_261' title='bbox 361 3828 429 3890; x_wconf 80' lang='lat' dir='ltr'><strong>clx,</strong></span> <span class='ocrx_word' id='word_1_262' title='bbox 452 3829 541 3913; x_wconf 90' lang='lat' dir='ltr'><strong>Supra</strong></span> <span class='ocrx_word' id='word_1_263' title='bbox 556 3851 632 3890; x_wconf 91' lang='lat' dir='ltr'><strong>mare</strong></span> <span class='ocrx_word' id='word_1_264' title='bbox 640 3830 713 3914; x_wconf 86' lang='lat' dir='ltr'><strong>jacet</strong></span> <span class='ocrx_word' id='word_1_265' title='bbox 727 3851 843 3913; x_wconf 90' lang='lat' dir='ltr'><strong>campus</strong></span> <span class='ocrx_word' id='word_1_266' title='bbox 853 3830 961 3891; x_wconf 82' lang='lat' dir='ltr'><strong>acclivis</strong></span> <span class='ocrx_word' id='word_1_267' title='bbox 976 3831 1005 3891; x_wconf 93' lang='lat' dir='ltr'><strong>in</strong></span> <span class='ocrx_word' id='word_1_268' title='bbox 1019 3830 1095 3891; x_wconf 90' lang='lat' dir='ltr'><strong>littus</strong></span> <span class='ocrx_word' id='word_1_269' title='bbox 1111 3854 1117 3890; x_wconf 91' lang='lat'>:</span> <span class='ocrx_word' id='word_1_270' title='bbox 1134 3830 1288 3915; x_wconf 90' lang='lat' dir='ltr'><strong>appellatur</strong></span> <span class='ocrx_word' id='word_1_271' title='bbox 1299 3839 1391 3892; x_wconf 88' lang='lat' dir='ltr'><strong>autern</strong></span> <span class='ocrx_word' id='word_1_272' title='bbox 1405 3831 1585 3915; x_wconf 71' lang='lat' dir='ltr'><strong>Chrysopolis,</strong></span> 
     </span>
     <span class='ocr_line' id='line_1_29' title="bbox 320 3930 1587 4017; baseline 0.002 -24"><span class='ocrx_word' id='word_1_273' title='bbox 320 3943 350 3993; x_wconf 90' lang='lat' dir='ltr'><strong>ut</strong></span> <span class='ocrx_word' id='word_1_274' title='bbox 360 3930 475 4016; x_wconf 91' lang='lat' dir='ltr'><strong>quidam</strong></span> <span class='ocrx_word' id='word_1_275' title='bbox 491 3933 600 4004; x_wconf 86' lang='lat' dir='ltr'><strong>dicunt,</strong></span> <span class='ocrx_word' id='word_1_276' title='bbox 611 3954 644 3994; x_wconf 82' lang='lat' dir='ltr'><strong>ex</strong></span> <span class='ocrx_word' id='word_1_277' title='bbox 659 3954 691 3994; x_wconf 93' lang='lat' dir='ltr'><strong>eo</strong></span> <span class='ocrx_word' id='word_1_278' title='bbox 704 3932 781 4017; x_wconf 87' lang='lat' dir='ltr'><strong>quod</strong></span> <span class='ocrx_word' id='word_1_279' title='bbox 794 3932 882 3995; x_wconf 77' lang='lat' dir='ltr'><strong>Perse</strong></span> <span class='ocrx_word' id='word_1_280' title='bbox 896 3934 1062 4017; x_wconf 82' lang='lat' dir='ltr'><strong>imperantes</strong></span> <span class='ocrx_word' id='word_1_281' title='bbox 1074 3935 1103 3994; x_wconf 91' lang='lat' dir='ltr'><strong>in</strong></span> <span class='ocrx_word' id='word_1_282' title='bbox 1114 3934 1187 3995; x_wconf 91' lang='lat' dir='ltr'><strong>hunc</strong></span> <span class='ocrx_word' id='word_1_283' title='bbox 1203 3935 1293 3996; x_wconf 93' lang='lat' dir='ltr'><strong>locum</strong></span> <span class='ocrx_word' id='word_1_284' title='bbox 1306 3936 1502 4017; x_wconf 89' lang='lat' dir='ltr'><strong>cogerentuuri</strong></span> <span class='ocrx_word' id='word_1_285' title='bbox 1512 3957 1587 3998; x_wconf 88' lang='lat' dir='ltr'><strong>arer-</strong></span> 
     </span>
    </p>

    <p class='ocr_par' dir='ltr' id='par_1_12' title="bbox 267 4034 1588 4533">
     <span class='ocr_line' id='line_1_30' title="bbox 267 4034 1588 4122; baseline 0.004 -27"><span class='ocrx_word' id='word_1_286' title='bbox 267 4040 299 4094; x_wconf 84' lang='lat'><strong>10</strong></span> <span class='ocrx_word' id='word_1_287' title='bbox 320 4057 367 4096; x_wconf 83' lang='lat' dir='ltr'><strong>vos</strong></span> <span class='ocrx_word' id='word_1_288' title='bbox 383 4057 399 4096; x_wconf 81' lang='lat' dir='ltr'>a</span> <span class='ocrx_word' id='word_1_289' title='bbox 415 4034 582 4097; x_wconf 89' lang='lat' dir='ltr'><strong>tributorum</strong></span> <span class='ocrx_word' id='word_1_290' title='bbox 597 4035 703 4108; x_wconf 89' lang='lat' dir='ltr'><strong>reditu;</strong></span> <span class='ocrx_word' id='word_1_291' title='bbox 724 4046 755 4097; x_wconf 89' lang='lat' dir='ltr'><strong>ut</strong></span> <span class='ocrx_word' id='word_1_292' title='bbox 773 4057 838 4098; x_wconf 86' lang='lat' dir='ltr'><strong>vero</strong></span> <span class='ocrx_word' id='word_1_293' title='bbox 855 4038 980 4122; x_wconf 80' lang='lat' dir='ltr'><strong>plerique</strong></span> <span class='ocrx_word' id='word_1_294' title='bbox 995 4036 1152 4121; x_wconf 75' lang='lat' dir='ltr'><strong>[tradrmt],</strong></span> <span class='ocrx_word' id='word_1_295' title='bbox 1166 4060 1182 4098; x_wconf 94' lang='lat' dir='ltr'><strong>a</strong></span> <span class='ocrx_word' id='word_1_296' title='bbox 1197 4037 1302 4122; x_wconf 83' lang='lat' dir='ltr'><strong>Chryse</strong></span> <span class='ocrx_word' id='word_1_297' title='bbox 1318 4037 1375 4098; x_wconf 91' lang='lat' dir='ltr'><strong>lilio</strong></span> <span class='ocrx_word' id='word_1_298' title='bbox 1390 4037 1546 4122; x_wconf 82' lang='lat' dir='ltr'><strong>Chryseidis</strong></span> <span class='ocrx_word' id='word_1_299' title='bbox 1561 4047 1588 4100; x_wconf 88' lang='lat' dir='ltr'><strong>et</strong></span> 
     </span>
     <span class='ocr_line' id='line_1_31' title="bbox 319 4138 1586 4226; baseline 0.002 -25"><span class='ocrx_word' id='word_1_300' title='bbox 319 4140 534 4223; x_wconf 77' lang='lat' dir='ltr'><strong>Agamemnonis</strong></span> <span class='ocrx_word' id='word_1_301' title='bbox 546 4138 584 4201; x_wconf 94' lang='lat' dir='ltr'><strong>ibi</strong></span> <span class='ocrx_word' id='word_1_302' title='bbox 595 4149 742 4201; x_wconf 91' lang='lat' dir='ltr'><strong>mortuoet</strong></span> <span class='ocrx_word' id='word_1_303' title='bbox 749 4140 865 4224; x_wconf 87' lang='lat' dir='ltr'><strong>sepulto.</strong></span> <span class='ocrx_word' id='word_1_304' title='bbox 880 4140 910 4201; x_wconf 94' lang='lat' dir='ltr'><strong>ln</strong></span> <span class='ocrx_word' id='word_1_305' title='bbox 919 4139 992 4202; x_wconf 90' lang='lat' dir='ltr'><strong>hunc</strong></span> <span class='ocrx_word' id='word_1_306' title='bbox 1007 4141 1079 4202; x_wconf 90' lang='lat' dir='ltr'><strong>enim</strong></span> <span class='ocrx_word' id='word_1_307' title='bbox 1096 4141 1186 4202; x_wconf 89' lang='lat' dir='ltr'><strong>locum</strong></span> <span class='ocrx_word' id='word_1_308' title='bbox 1202 4139 1297 4202; x_wconf 88' lang='lat' dir='ltr'><strong>dicunt</strong></span> <span class='ocrx_word' id='word_1_309' title='bbox 1304 4140 1427 4224; x_wconf 78' lang='lat' dir='ltr'><strong>Chrysen</strong></span> <span class='ocrx_word' id='word_1_310' title='bbox 1436 4141 1586 4226; x_wconf 86' lang='lat' dir='ltr'><strong>lugientem</strong></span> 
     </span>
     <span class='ocr_line' id='line_1_32' title="bbox 320 4241 1588 4327; baseline 0.003 -25"><span class='ocrx_word' id='word_1_311' title='bbox 320 4251 396 4303; x_wconf 86' lang='lat' dir='ltr'><strong>metu</strong></span> <span class='ocrx_word' id='word_1_312' title='bbox 410 4241 528 4326; x_wconf 80' lang='lat' dir='ltr'><strong>AEgisthi</strong></span> <span class='ocrx_word' id='word_1_313' title='bbox 542 4252 570 4303; x_wconf 92' lang='lat' dir='ltr'><strong>et</strong></span> <span class='ocrx_word' id='word_1_314' title='bbox 585 4242 801 4326; x_wconf 80' lang='lat' dir='ltr'><strong>Clytaernnastrae</strong></span> <span class='ocrx_word' id='word_1_315' title='bbox 815 4243 984 4327; x_wconf 85' lang='lat' dir='ltr'><strong>pervenisse,</strong></span> <span class='ocrx_word' id='word_1_316' title='bbox 1004 4247 1170 4327; x_wconf 83' lang='lat' dir='ltr'><strong>cogitantem</strong></span> <span class='ocrx_word' id='word_1_317' title='bbox 1187 4245 1216 4304; x_wconf 92' lang='lat' dir='ltr'><strong>in</strong></span> <span class='ocrx_word' id='word_1_318' title='bbox 1233 4243 1338 4306; x_wconf 84' lang='lat' dir='ltr'><strong>Tuums</strong></span> <span class='ocrx_word' id='word_1_319' title='bbox 1357 4244 1473 4305; x_wconf 81' lang='lat' dir='ltr'><strong>transire</strong></span> <span class='ocrx_word' id='word_1_320' title='bbox 1488 4244 1523 4305; x_wconf 89' lang='lat' dir='ltr'><strong>ad</strong></span> <span class='ocrx_word' id='word_1_321' title='bbox 1543 4267 1588 4306; x_wconf 78' lang='lat' dir='ltr'><strong>so</strong></span> 
     </span>
     <span class='ocr_line' id='line_1_33' title="bbox 321 4344 1587 4429; baseline 0.003 -23"><span class='ocrx_word' id='word_1_322' title='bbox 321 4366 410 4406; x_wconf 88' lang='lat' dir='ltr'><strong>rorem</strong></span> <span class='ocrx_word' id='word_1_323' title='bbox 427 4344 612 4429; x_wconf 90' lang='lat' dir='ltr'><strong>Iphigeniam,</strong></span> <span class='ocrx_word' id='word_1_324' title='bbox 615 4346 675 4429; x_wconf 85' lang='lat' dir='ltr'><strong>jam</strong></span> <span class='ocrx_word' id='word_1_325' title='bbox 686 4346 852 4407; x_wconf 87' lang='lat' dir='ltr'><strong>sacerdotem</strong></span> <span class='ocrx_word' id='word_1_326' title='bbox 868 4347 1002 4407; x_wconf 86' lang='lat' dir='ltr'><strong>initiatum</strong></span> <span class='ocrx_word' id='word_1_327' title='bbox 1017 4346 1125 4415; x_wconf 64' lang='lat' dir='ltr'><strong>Dianam</strong></span> <span class='ocrx_word' id='word_1_328' title='bbox 1141 4345 1190 4408; x_wconf 87' lang='lat' dir='ltr'><strong>sed</strong></span> <span class='ocrx_word' id='word_1_329' title='bbox 1209 4345 1286 4407; x_wconf 91' lang='lat' dir='ltr'><strong>illum</strong></span> <span class='ocrx_word' id='word_1_330' title='bbox 1306 4345 1403 4407; x_wconf 91' lang='lat' dir='ltr'><strong>morbo</strong></span> <span class='ocrx_word' id='word_1_331' title='bbox 1417 4346 1587 4410; x_wconf 83' lang='lat' dir='ltr'><strong>laborantem</strong></span> 
     </span>
     <span class='ocr_line' id='line_1_34' title="bbox 322 4447 1587 4533; baseline 0.005 -26"><span class='ocrx_word' id='word_1_332' title='bbox 322 4447 366 4509; x_wconf 88' lang='lat' dir='ltr'><strong>hic</strong></span> <span class='ocrx_word' id='word_1_333' title='bbox 376 4447 517 4530; x_wconf 83' lang='lat' dir='ltr'><strong>sepultum</strong></span> <span class='ocrx_word' id='word_1_334' title='bbox 526 4447 654 4509; x_wconf 86' lang='lat' dir='ltr'><strong>allectum</strong></span> <span class='ocrx_word' id='word_1_335' title='bbox 662 4448 759 4519; x_wconf 81' lang='lat' dir='ltr'><strong>luisse,</strong></span> <span class='ocrx_word' id='word_1_336' title='bbox 771 4470 877 4532; x_wconf 89' lang='lat' dir='ltr'><strong>suoque</strong></span> <span class='ocrx_word' id='word_1_337' title='bbox 891 4470 924 4511; x_wconf 79' lang='lat' dir='ltr'><strong>ex</strong></span> <span class='ocrx_word' id='word_1_338' title='bbox 938 4450 1050 4511; x_wconf 91' lang='lat' dir='ltr'><strong>nomine</strong></span> <span class='ocrx_word' id='word_1_339' title='bbox 1061 4450 1119 4511; x_wconf 93' lang='lat' dir='ltr'><strong>loco</strong></span> <span class='ocrx_word' id='word_1_340' title='bbox 1127 4471 1228 4511; x_wconf 92' lang='lat' dir='ltr'><strong>nomen</strong></span> <span class='ocrx_word' id='word_1_341' title='bbox 1240 4449 1391 4533; x_wconf 87' lang='lat' dir='ltr'><strong>reliquisse.</strong></span> <span class='ocrx_word' id='word_1_342' title='bbox 1405 4449 1499 4512; x_wconf 89' lang='lat' dir='ltr'><strong>Posset</strong></span> <span class='ocrx_word' id='word_1_343' title='bbox 1505 4451 1587 4513; x_wconf 87' lang='lat' dir='ltr'><strong>etiam</strong></span> 
     </span>
    </p>

    <p class='ocr_par' dir='ltr' id='par_1_13' title="bbox 267 4550 1586 4636">
     <span class='ocr_line' id='line_1_35' title="bbox 267 4550 1586 4636; baseline 0.005 -26"><span class='ocrx_word' id='word_1_344' title='bbox 267 4559 299 4610; x_wconf 72' lang='grc'><strong>15</strong></span> <span class='ocrx_word' id='word_1_345' title='bbox 321 4550 357 4612; x_wconf 93' lang='lat' dir='ltr'><strong>ob</strong></span> <span class='ocrx_word' id='word_1_346' title='bbox 371 4559 468 4635; x_wconf 91' lang='lat' dir='ltr'><strong>portus</strong></span> <span class='ocrx_word' id='word_1_347' title='bbox 483 4550 705 4612; x_wconf 87' lang='lat' dir='ltr'><strong>commoditatem</strong></span> <span class='ocrx_word' id='word_1_348' title='bbox 721 4552 758 4612; x_wconf 88' lang='lat' dir='ltr'><strong>ita</strong></span> <span class='ocrx_word' id='word_1_349' title='bbox 772 4552 905 4636; x_wconf 87' lang='lat' dir='ltr'><strong>appellari</strong></span> <span class='ocrx_word' id='word_1_350' title='bbox 920 4552 955 4614; x_wconf 93' lang='lat' dir='ltr'><strong>ab</strong></span> <span class='ocrx_word' id='word_1_351' title='bbox 971 4553 1004 4613; x_wconf 89' lang='lat' dir='ltr'><strong>iis</strong></span> <span class='ocrx_word' id='word_1_352' title='bbox 1016 4553 1065 4636; x_wconf 88' lang='lat' dir='ltr'><strong>qui</strong></span> <span class='ocrx_word' id='word_1_353' title='bbox 1081 4551 1215 4614; x_wconf 91' lang='lat' dir='ltr'><strong>mirabilia</strong></span> <span class='ocrx_word' id='word_1_354' title='bbox 1232 4574 1300 4614; x_wconf 81' lang='lat' dir='ltr'><strong>auro</strong></span> <span class='ocrx_word' id='word_1_355' title='bbox 1315 4574 1475 4636; x_wconf 90' lang='lat' dir='ltr'><strong>comparare</strong></span> <span class='ocrx_word' id='word_1_356' title='bbox 1490 4553 1586 4616; x_wconf 91' lang='lat' dir='ltr'><strong>solent.</strong></span> 
     </span>
    </p>

    <p class='ocr_par' dir='ltr' id='par_1_14' title="bbox 362 4651 1587 4739">
     <span class='ocr_line' id='line_1_36' title="bbox 362 4651 1587 4739; baseline 0.003 -27"><span class='ocrx_word' id='word_1_357' title='bbox 362 4651 417 4714; x_wconf 85' lang='lat' dir='ltr'><strong>CII.</strong></span> <span class='ocrx_word' id='word_1_358' title='bbox 442 4651 506 4714; x_wconf 88' lang='lat' dir='ltr'><strong>Post</strong></span> <span class='ocrx_word' id='word_1_359' title='bbox 518 4652 724 4737; x_wconf 84' lang='lat' dir='ltr'><strong>Chrysopolim,</strong></span> <span class='ocrx_word' id='word_1_360' title='bbox 737 4655 958 4738; x_wconf 81' lang='lat' dir='ltr'><strong>promontorium</strong></span> <span class='ocrx_word' id='word_1_361' title='bbox 967 4655 1161 4716; x_wconf 86' lang='lat' dir='ltr'><strong>marisictibus</strong></span> <span class='ocrx_word' id='word_1_362' title='bbox 1172 4655 1326 4739; x_wconf 83' lang='lat' dir='ltr'><strong>expositum</strong></span> <span class='ocrx_word' id='word_1_363' title='bbox 1337 4656 1488 4738; x_wconf 87' lang='lat' dir='ltr'><strong>prominet;</strong></span> <span class='ocrx_word' id='word_1_364' title='bbox 1501 4655 1587 4718; x_wconf 92' lang='lat' dir='ltr'><strong>multa</strong></span> 
     </span>
    </p>
   </div>
   <div class='ocr_carea' id='block_1_6' title="bbox 322 4784 1589 5120">
    <p class='ocr_par' dir='ltr' id='par_1_15' title="bbox 322 4784 1589 5120">
     <span class='ocr_line' id='line_1_37' title="bbox 362 4784 1589 4869; baseline 0.004 -24"><span class='ocrx_word' id='word_1_365' title='bbox 362 4784 599 4868; x_wconf 60' lang='grc' dir='ltr'><em>ι.ῥοιζοῦααιῦκραι</em></span> <span class='ocrx_word' id='word_1_366' title='bbox 609 4793 802 4868; x_wconf 76' lang='lat' dir='ltr'><strong>Gb.ll3.rreror</strong></span> <span class='ocrx_word' id='word_1_367' title='bbox 812 4796 917 4849; x_wconf 81' lang='lat' dir='ltr'><strong>ome.</strong></span> <span class='ocrx_word' id='word_1_368' title='bbox 993 4807 1079 4848; x_wconf 84' lang='grc' dir='ltr'><em>ειιιιια</em></span> <span class='ocrx_word' id='word_1_369' title='bbox 1100 4795 1228 4850; x_wconf 48' lang='lat' dir='ltr'><strong>&amp;aarum</strong></span> <span class='ocrx_word' id='word_1_370' title='bbox 1245 4797 1343 4869; x_wconf 77' lang='lat' dir='ltr'><strong>imperio</strong></span> <span class='ocrx_word' id='word_1_371' title='bbox 1361 4795 1407 4850; x_wconf 79' lang='lat' dir='ltr'><strong>luc</strong></span> <span class='ocrx_word' id='word_1_372' title='bbox 1422 4815 1515 4850; x_wconf 80' lang='grc' dir='ltr'><em>οεανοι</em></span> <span class='ocrx_word' id='word_1_373' title='bbox 1532 4798 1589 4851; x_wconf 83' lang='lat' dir='ltr'><strong>curi</strong></span> 
     </span>
     <span class='ocr_line' id='line_1_38' title="bbox 325 4877 1589 4953; baseline 0.003 -23"><span class='ocrx_word' id='word_1_374' title='bbox 325 4877 367 4952; x_wconf 77' lang='lat' dir='ltr'><strong>ll5·</strong></span> <span class='ocrx_word' id='word_1_375' title='bbox 381 4877 457 4932; x_wconf 79' lang='lat' dir='ltr'><strong>rbuic</strong></span> <span class='ocrx_word' id='word_1_376' title='bbox 468 4879 621 4931; x_wconf 89' lang='lat' dir='ltr'><strong>continuum.</strong></span> <span class='ocrx_word' id='word_1_377' title='bbox 629 4920 635 4932; x_wconf 89' lang='lat'><strong>.</strong></span> <span class='ocrx_word' id='word_1_378' title='bbox 644 4920 650 4931; x_wconf 92' lang='lat'><strong>.</strong></span> <span class='ocrx_word' id='word_1_379' title='bbox 658 4920 678 4932; x_wconf 92' lang='lat'><strong>..</strong></span> <span class='ocrx_word' id='word_1_380' title='bbox 693 4887 747 4952; x_wconf 86' lang='lat' dir='ltr'><strong>post</strong></span> <span class='ocrx_word' id='word_1_381' title='bbox 761 4899 853 4953; x_wconf 76' lang='lat' dir='ltr'><strong>quemn</strong></span> <span class='ocrx_word' id='word_1_382' title='bbox 867 4898 917 4934; x_wconf 94' lang='lat' dir='ltr'><strong>om.</strong></span> <span class='ocrx_word' id='word_1_383' title='bbox 993 4880 1083 4933; x_wconf 76' lang='lat' dir='ltr'><strong>collecti</strong></span> <span class='ocrx_word' id='word_1_384' title='bbox 1093 4900 1124 4933; x_wconf 80' lang='lat' dir='ltr'><strong>er</strong></span> <span class='ocrx_word' id='word_1_385' title='bbox 1136 4878 1289 4952; x_wconf 73' lang='lat' dir='ltr'><strong>uectigalibus</strong></span> <span class='ocrx_word' id='word_1_386' title='bbox 1300 4880 1419 4952; x_wconf 78' lang='lat' dir='ltr'><strong>redigente</strong></span> <span class='ocrx_word' id='word_1_387' title='bbox 1428 4881 1454 4934; x_wconf 91' lang='lat' dir='ltr'><strong>in</strong></span> <span class='ocrx_word' id='word_1_388' title='bbox 1464 4899 1589 4935; x_wconf 83' lang='lat' dir='ltr'><strong>commen-</strong></span> 
     </span>
     <span class='ocr_line' id='line_1_39' title="bbox 322 4960 1586 5039; baseline 0.002 -24"><span class='ocrx_word' id='word_1_389' title='bbox 322 4960 374 5023; x_wconf 77' lang='lat' dir='ltr'><strong>tib,</strong></span> <span class='ocrx_word' id='word_1_390' title='bbox 393 4962 436 5034; x_wconf 86' lang='lat' dir='ltr'><strong>qui</strong></span> <span class='ocrx_word' id='word_1_391' title='bbox 453 4963 523 5036; x_wconf 83' lang='lat' dir='ltr'><strong>ponit</strong></span> <span class='ocrx_word' id='word_1_392' title='bbox 536 4973 590 5034; x_wconf 74' lang='lat' dir='ltr'><strong>post</strong></span> <span class='ocrx_word' id='word_1_393' title='bbox 607 4961 691 5016; x_wconf 68' lang='lat' dir='ltr'><strong>Dricca</strong></span> <span class='ocrx_word' id='word_1_394' title='bbox 704 4965 819 5037; x_wconf 71' lang='lat' dir='ltr'><strong>sequitur.</strong></span> <span class='ocrx_word' id='word_1_395' title='bbox 835 4964 844 5036; x_wconf 76' lang='lat' dir='ltr'><strong>ll</strong></span> <span class='ocrx_word' id='word_1_396' title='bbox 860 4964 916 5035; x_wconf 87' lang='lat'><strong>8-9.</strong></span> <span class='ocrx_word' id='word_1_397' title='bbox 994 4965 1055 5018; x_wconf 82' lang='lat' dir='ltr'><strong>tario</strong></span> <span class='ocrx_word' id='word_1_398' title='bbox 1066 4963 1128 5039; x_wconf 57' lang='lat' dir='ltr'><strong>Gall</strong></span> <span class='ocrx_word' id='word_1_399' title='bbox 1138 4983 1179 5018; x_wconf 83' lang='lat' dir='ltr'><strong>io.</strong></span> <span class='ocrx_word' id='word_1_400' title='bbox 1189 4963 1425 5019; x_wconf 64' lang='lat' dir='ltr'><strong>cenomannorum</strong></span> <span class='ocrx_word' id='word_1_401' title='bbox 1436 4965 1530 5019; x_wconf 83' lang='lat' dir='ltr'><strong>tributis</strong></span> <span class='ocrx_word' id='word_1_402' title='bbox 1539 4963 1586 5019; x_wconf 90' lang='lat' dir='ltr'><strong>Gb.</strong></span> 
     </span>
     <span class='ocr_line' id='line_1_40' title="bbox 323 5043 1381 5120; baseline 0.007 -25"><span class='ocrx_word' id='word_1_403' title='bbox 323 5044 442 5115; x_wconf 79' lang='lat' dir='ltr'><strong>appellata</strong></span> <span class='ocrx_word' id='word_1_404' title='bbox 451 5057 530 5099; x_wconf 76' lang='lat' dir='ltr'><strong>etitem</strong></span> <span class='ocrx_word' id='word_1_405' title='bbox 543 5056 577 5100; x_wconf 83' lang='lat' dir='ltr'><strong>eat</strong></span> <span class='ocrx_word' id='word_1_406' title='bbox 592 5043 744 5119; x_wconf 67' lang='lat' dir='ltr'><strong>Chrysopolis</strong></span> <span class='ocrx_word' id='word_1_407' title='bbox 755 5058 780 5101; x_wconf 82' lang='lat' dir='ltr'><strong>at</strong></span> <span class='ocrx_word' id='word_1_408' title='bbox 791 5048 867 5120; x_wconf 83' lang='lat' dir='ltr'><strong>aliqui</strong></span> <span class='ocrx_word' id='word_1_409' title='bbox 876 5047 916 5100; x_wconf 87' lang='lat' dir='ltr'><strong>di·</strong></span> <span class='ocrx_word' id='word_1_410' title='bbox 992 5059 1063 5101; x_wconf 85' lang='lat' dir='ltr'><strong>-ut</strong></span> <span class='ocrx_word' id='word_1_411' title='bbox 1076 5067 1129 5101; x_wconf 67' lang='lat' dir='ltr'><strong>otro</strong></span> <span class='ocrx_word' id='word_1_412' title='bbox 1142 5048 1212 5102; x_wconf 81' lang='lat' dir='ltr'><strong>mirlti</strong></span> <span class='ocrx_word' id='word_1_413' title='bbox 1224 5048 1323 5102; x_wconf 82' lang='lat' dir='ltr'><strong>tradunt</strong></span> <span class='ocrx_word' id='word_1_414' title='bbox 1335 5048 1381 5104; x_wconf 89' lang='lat' dir='ltr'><strong>Gb.</strong></span> 
     </span>
    </p>
   </div>
   <div class='ocr_carea' id='block_1_7' title="bbox 0 0 2155 6368">
    <p class='ocr_par' dir='ltr' id='par_1_16' title="bbox 0 0 2155 6368">
     <span class='ocr_line' id='line_1_41' title="bbox 0 0 2155 6368; baseline 0 0"><span class='ocrx_word' id='word_1_415' title='bbox 0 0 2155 6368; x_wconf 95' lang='lat' dir='ltr'><strong> </strong></span> 
     </span>
    </p>
   </div>
  </div>
 </body>
</html>
