4282 6368
543 622 559 659 n
871 600 1141 664 Puutrourrlo
1170 602 1220 664 AD
1248 602 1480 665 LECTOREM.

540 741 772 836 Fabriciustt,
792 743 1034 835 Hudsonustt
1057 775 1098 823 ac
1116 760 1237 825 nostra
1260 750 1433 826 memoria
1455 749 1540 828 Otto
1562 749 1758 829 Frickiusu
1775 765 1811 828 et

540 873 691 952 Carolus
708 873 928 968 llutlerustl,
950 878 1013 954 viri
1039 888 1113 955 tum
1134 876 1334 955 litterarum
1359 907 1555 984 graecarum
1577 881 1704 987 peritia
1730 892 1806 959 tum

541 1034 661 1084 rerum
677 1019 857 1111 gestarum
875 1009 1020 1086 scientia
1036 1020 1262 1116 qrraestantes,
1275 1038 1416 1087 summo
1431 1009 1608 1088 deside1io
1623 1023 1708 1088 sunt
1722 1041 1809 1119 pro-

538 1142 661 1218 secuti.
679 1139 842 1230 Quorum
861 1140 1009 1219 eruditae
1026 1141 1283 1248 disputationes
1299 1142 1335 1219 in
1352 1145 1688 1221 commentationem
1712 1143 1806 1222 Gillii

538 1271 683 1350 latinam
710 1283 818 1379 atque
844 1274 879 1349 in
908 1274 1148 1378 fragmentum
1174 1273 1423 1352 brevissimum
1445 1274 1489 1353 ab
1515 1274 1642 1353 llllatio
1669 1274 1806 1354 editum

539 1405 649 1510 magis
681 1433 721 1481 ac
753 1406 864 1511 magis
893 1403 1129 1482 ostenderunt
1158 1406 1284 1511 quanti
1317 1407 1488 1483 momenti
1519 1406 1680 1485 luturum
1715 1421 1807 1485 esset

537 1565 693 1644 graecum
708 1536 901 1642 exemplar,
913 1536 941 1613 si
953 1564 1114 1643 uuquam
1129 1537 1350 1614 inveniretur
1364 1538 1556 1643 integrum.
1569 1537 1639 1615 Nec
1651 1541 1781 1616 mirum
1797 1571 1804 1615 ε

537 1670 669 1747 etenim
697 1696 763 1776 per
790 1696 914 1744 onmes
942 1665 1036 1745 orbis
1061 1669 1199 1775 antiqui
1228 1670 1300 1745 sive
1323 1681 1486 1746 terrenos
1512 1670 1584 1746 sive
1609 1671 1806 1747 maritimos

537 1811 670 1878 tractus
691 1797 789 1876 nulla
816 1800 971 1877 occurrit
994 1800 1093 1906 regio
1114 1797 1280 1891 nobilior,
1306 1797 1405 1877 nulla
1427 1799 1524 1907 apud
1551 1829 1674 1878 rerum
1698 1802 1807 1908 scrip-

538 1945 631 2009 tores
657 1929 842 2022 celebrior,
879 1929 977 2007 nulla
1011 1933 1141 2009 artium
1177 1960 1218 2008 ac
1250 1930 1452 2009 litterarum
1485 1933 1727 2011 monumentis
1752 1934 1804 2009 in-

538 2067 685 2168 signior,
716 2093 824 2172 quam
858 2063 990 2141 fretum
1018 2062 1108 2141 illud
1129 2064 1437 2168 angustissimum,
1469 2063 1657 2141 interduo
1685 2063 1803 2141 littora

536 2207 773 2287 coarctatum,
791 2224 863 2302 quo
888 2194 1030 2302 Europa
1056 2194 1101 2273 ab
1128 2195 1207 2273 llsia
1234 2193 1416 2286 dividitur,
1444 2194 1616 2303 quodque
1637 2194 1805 2300 Bosporus

539 2328 696 2406 Tbrocinr
713 2327 768 2406 vel
789 2342 858 2402 κατ’
878 2325 998 2425 ἐξοχὴν
1018 2327 1185 2432 Bosporus
1205 2323 1459 2405 nominaturlf’l.
1480 2324 1598 2417 (luam
1621 2329 1803 2434 regionem

534 2460 720 2540 constabat
735 2461 933 2566 antiquitus
948 2488 967 2535 a
984 2457 1153 2564 Dionysio
1169 2457 1337 2563 Byzantio
1356 2486 1398 2535 ea
1416 2457 1598 2563 diligentia
1615 2459 1722 2535 luisse
1744 2457 1802 2536 de-

533 2597 717 2703 scriptam,
742 2605 782 2672 ut
807 2622 879 2671 non
904 2592 978 2670 sola
1003 2591 1165 2670 locorum
1188 2591 1330 2681 notitia,
1357 2588 1419 2668 sod
1445 2591 1520 2696 ipsa
1546 2591 1653 2668 etiam
1680 2618 1802 2668 rerum

533 2740 713 2833 gestarum
729 2754 770 2802 ac
785 2725 965 2802 memoriae
979 2723 1108 2800 veteris
1121 2723 1275 2828 cognitio
1294 2721 1378 2799 inde
1394 2734 1513 2829 posset
1525 2722 1666 2826 augeri,
1683 2750 1803 2799 emen-

533 2859 627 2951 dari,
648 2856 829 2935 illustrari.

592 2990 713 3096 ltaque
728 3017 841 3096 quum
858 2987 946 3064 milri
962 2997 1099 3064 sextum
1115 2990 1191 3092 jam
1207 3013 1341 3062 annum
1361 2984 1501 3063 codices
1516 2985 1693 3063 Parisinos
1709 2985 1802 3063 evol-

532 3123 627 3200 venti
648 3120 946 3226 investigantique
965 3117 1080 3195 lausta
1100 3116 1244 3194 fortuna
1260 3118 1448 3223 contigerit
1464 3128 1504 3195 ut
1523 3116 1750 3195 membranas
1767 3130 1802 3195 et

531 3254 672 3332 chartas
690 3280 797 3330 manu
818 3252 966 3358 scriptas
981 3249 1114 3356 quibus
1136 3248 1293 3354 Dionysii
1309 3247 1491 3356 exemplar
1509 3278 1664 3355 graecum
1681 3251 1707 3327 si
1728 3279 1800 3327 non

531 3397 646 3464 totum
668 3395 819 3462 atcerte
840 3409 969 3488 magna
990 3410 1031 3459 ex
1053 3393 1156 3486 pmte
1174 3392 1354 3457 servatum
1376 3381 1580 3458 continetur
1601 3382 1693 3458 inter
1712 3382 1801 3459 resi-

530 3516 602 3594 dna
625 3514 855 3593 Bibliothecae
878 3525 1007 3590 nostrae
1028 3511 1240 3589 offenderim
1260 3525 1370 3618 atque
1390 3509 1581 3617 diligenter
1601 3511 1800 3617 exploratas

531 3647 797 3754 descripserim,
814 3644 1104 3753 operaepretium
1121 3672 1179 3721 me
1195 3643 1372 3721 lacturum
1393 3672 1468 3720 esse
1485 3645 1699 3734 existimari,
1715 3645 1742 3720 si
1759 3672 1799 3721 ex

572 3957 597 3997 ru
619 3955 742 4018 Bibliort,
762 3975 846 4036 grec.
868 3950 920 4015 rol.
943 3951 986 4021 lV,
1005 3975 1032 4036 p.
1050 3951 1125 4022 666.Ι

527 4061 571 4125 ed.
588 4059 692 4123 Harles.
766 4067 773 4079 “

1201 3951 1299 4035 quinto
1314 3949 1452 4012 volumine
1467 3949 1488 4011 F
1489 3961 1696 4035 rngmentorum
1712 3950 1802 4012 Histo

1202 4054 1322 4116 meorum
1350 4054 1508 4116 Groemrnm
1528 4054 1713 4138 fragmentum
1738 4054 1801 4115 Dio·

570 4165 594 4206 l¹¹
613 4161 884 4247 Geogrnpltioeveteris
891 4161 1031 4242 scriptores
1041 4158 1129 4223 Greci

527 4271 647 4330 mitiores.
673 4266 799 4333 Oxoniae,
822 4265 910 4350 1698.
933 4263 993 4325 tid.
1015 4263 1066 4349 rol.
1090 4263 1125 4324 lll

526 4371 643 4453 (editum
658 4393 730 4432 anno
747 4369 852 4452 ¹7¹⁹l

570 4477 597 4518 (³³
617 4475 739 4557 Dionysii
745 4473 868 4556 Byzantii
875 4472 1005 4555 ,decuplam
1015 4471 1128 4554 Bospori

526 4604 561 4642 er
582 4579 661 4642 Gillo
680 4592 829 4658 excerptum
849 4576 927 4637 edidit
942 4589 967 4636 et
986 4575 1125 4635 illustrarit

529 4684 588 4745 Otto
600 4682 687 4744 Friclr.
704 4679 808 4749 Wesel,
826 4681 915 4750 1860,
931 4680 1018 4740 in-t0.

569 4785 595 4828 “l
612 4782 762 4868 Gcogrnplri
771 4780 1123 4846 GroecirninereaedDidot.

527 4889 649 4959 Parisiis,
672 4886 862 4956 1855-1861,
882 4885 935 4946 rol.
956 4884 994 4955 ll,
1016 4907 1043 4968 p.
1065 4908 1077 4947 ι
1096 4895 1125 4947 et

525 5015 587 5078 sqq.
612 5029 654 5037 -
679 4989 755 5053 ldem
779 4990 938 5074 nuperrime
962 4988 1072 5073 repetiit
1095 4988 1124 5049 in

1201 4158 1272 4241 nysii
1297 4180 1312 4217 n
1333 4157 1392 4218 viro
1412 4157 1445 4218 cl.
1468 4156 1549 4219 Yates
1571 4157 1599 4217 in
1620 4157 1719 4241 Anglia
1739 4157 1799 4241 jam

1201 4259 1306 4322 editum
1315 4263 1325 4343 (
1334 4260 1556 4344 Transactionacff
1562 4259 1603 4322 tle
1613 4262 1690 4343 regal
1697 4261 1799 4343 Socicty

1200 4365 1235 4448 os
1237 4364 1384 4426 literature
1395 4363 1428 4447 ‘ff
1436 4364 1476 4425 tle
1487 4362 1579 4425 United
1585 4362 1614 4424 K
1613 4364 1728 4446 ingdom.
1739 4364 1798 4425 Sec.

1199 4468 1295 4533 serios.
1306 4468 1360 4529 rol.
1376 4467 1446 4528 Vlll.
1462 4466 1590 4536 London,
1608 4467 1712 4545 1866).

1242 4571 1266 4613 (⁸²
1291 4570 1477 4631 Kalefacel&
1500 4563 1651 4631 Ᾰνάπλονς
1675 4574 1799 4631 &sonos

1199 4679 1252 4735 ἀνὰ
1262 4681 1414 4756 Βόσπορον
1425 4680 1511 4757 μέχρι
1521 4677 1556 4733 ἂν
1565 4673 1654 4751 ἔλθῃς
1661 4672 1709 4750 ἐφ’
1717 4667 1798 4756 lepor

1198 4779 1315 4860 (scilicet
1335 4781 1415 4860 ἱερὸν
1442 4783 1507 4838 Διὸς
1528 4778 1658 4859 Odplou).
1686 4775 1796 4859 Scylax,

1199 4904 1227 4964 p.
1245 4882 1298 4951 56,
1317 4878 1392 4965 apud
1410 4879 1506 4964 Gangr.
1523 4903 1568 4963 gr.
1589 4880 1652 4941 mira.
1672 4889 1690 4940 t.
1711 4879 1735 4947 l,
1751 4880 1796 4941 ed.

1197 4984 1289 5049 Didot.
