4282 6368
794 610 1004 676 EXCERPTA
1026 613 1326 677 GEOGRAPHICA.
1631 618 1685 678 121

1011 1256 1111 1328 Vlll.

646 1469 703 1530 DE
730 1468 864 1530 ISTRO
894 1468 997 1530 SIVE
1026 1470 1240 1531 DANUBIO
1264 1470 1483 1532 FLUMINE.

770 1639 861 1704 πενί
887 1637 1031 1704 {mor
1056 1648 1133 1706 τοι
1160 1648 1358 1706 nomo?

473 1841 565 1900 Οότος
578 1845 595 1899 ό
606 1841 739 1916 ποταμός
754 1837 833 1898 έσίιν
847 1843 864 1897 ό
879 1837 1037 1916 λεγόμενος
1050 1841 1158 1908 Φησὼν
1171 1842 1254 1920 παρά
1268 1849 1304 1917 τῇ
1319 1842 1390 1919 Θεία
1405 1844 1521 1921 Γραφῇ,
1535 1844 1581 1898 καί
1595 1844 1629 1899 έκ
1642 1851 1693 1899 τοῦ

431 1941 609 2024 Παραδείσου
625 1939 819 2023 ἐξερχόμενος
835 1941 950 2022 (ῶσπερ
964 1943 1012 1999 καί
1027 1945 1054 1999 οί
1068 1938 1165 2000 λοιποί
1181 1945 1293 2023 Τίγρις,
1310 1932 1524 2024 Εόβράτηςκαί
1538 1945 1632 2020 Γηὼν)
1647 1947 1694 2002 καί

430 2044 535 2106 ιἰποδός
551 2048 617 2104 τοός
635 2047 744 2123 μυχοός
756 2053 808 2114 τῆς
825 2053 881 2123 γῆς
898 2046 946 2102 καί
962 2047 1003 2103 είς
1024 2042 1105 2104 δόσιν
1124 2048 1338 2126 ἀπερχόμενος,
1353 2044 1462 2105 ἐκδιδοῖ
1470 2053 1521 2104 τοῦ
1537 2038 1693 2106 λπενυίνου

430 2150 515 2230 όρους
531 2156 582 2207 τοῦ
598 2147 744 2218 διήκοντος
759 2150 815 2205 ἀπὸ
829 2156 881 2216 τῆς
895 2145 1046 2216 Σικελικῆς
1060 2146 1222 2217 θαλάσσης
1236 2153 1290 2208 έιος
1303 2157 1361 2208 τῶν
1375 2154 1528 2230 Γερμανῶν
1540 2151 1598 2208 τῶν
1617 2155 1695 2231 πρὸς

395 2273 411 2324 5
431 2261 471 2332 τῷ
487 2251 593 2333 βορείῳ
608 2254 738 2330 ὠκεανῷ,
755 2251 888 2309 κακεῖθευ
901 2250 1020 2331 σύρεται
1035 2253 1114 2331 πρός
1128 2249 1281 2321 ἀνατολὴν,
1296 2255 1343 2310 καί
1361 2258 1425 2331 χέει
1440 2256 1482 2311 είς
1495 2256 1546 2311 τόν
1560 2250 1695 2318 Εὔξεινον

433 2356 542 2412 Πόντον
553 2350 596 2410 διὰ
610 2354 704 2412 πέντε
715 2351 876 2429 σίομάτων.
892 2352 984 2412 Οότος
999 2354 1076 2429 έντῇ
1086 2351 1213 2430 ἀνατολῇ
1228 2351 1396 2429 ὀνομάζεται
1411 2356 1540 2432 Γάγγης,
1551 2352 1694 2414 ἀλλάσσει

431 2453 463 2514 δέ
476 2461 511 2514 τό
521 2456 611 2532 όνομα
622 2458 654 2514 ἐν
664 2464 700 2533 τῇ
711 2453 790 2514 δόσει
799 2443 898 2536 ίσίρος
907 2458 1172 2536 προσαγορευθείς,
1181 2457 1228 2514 καί
1238 2459 1294 2514 ὑπὸ
1305 2459 1427 2537 Θρᾳκῶν
1440 2457 1593 2517 Δαιιοίιάιος
1602 2457 1695 2516 πάλιν

432 2558 626 2635 καλούμενος,
641 2555 675 2617 δι’
688 2561 725 2629 ἣν
739 2561 829 2617 αίτίαν
843 2560 999 2639 προϊόντες
1010 2559 1150 2635 είποιμεν.

475 2666 526 2721 Καί
540 2662 624 2721 οότος
640 2665 692 2738 μὲν
708 2661 844 2740 μέγισίός
858 2659 920 2720 ἐσίι
937 2668 1089 2737 ποταμῶν,
1104 2659 1180 2720 ἀλλὰ
1194 2660 1257 2720 καθ’
1269 2666 1372 2722 ἑαυτὸν
1392 2667 1445 2740 μέν
1463 2662 1555 2733 ἠτίων
1569 2671 1619 2721 τοῦ
1635 2669 1694 2723 Νεί-

380 2786 412 2840 10
432 2765 501 2835 λον,
516 2762 731 2844 ὑποδεχόμενος
745 2761 777 2823 δέ
790 2765 858 2823 τοὺς
872 2766 1038 2844 είσρέοντας
1052 2767 1084 2822 ἐν
1099 2768 1189 2843 αὐτῷ,
1206 2763 1309 2841 μείζων
1323 2770 1369 2824 καί
1383 2773 1434 2824 τοῦ
1449 2764 1553 2824 Νείλου
1569 2770 1693 2844 γίνεται·

433 2867 576 2928 δεκαεπίά
592 2871 650 2949 γὰρ
670 2869 799 2944 ποταμοί
822 2864 1028 2926 είσάάλλονσιν
1047 2870 1079 2925 ἐν
1101 2871 1185 2947 αὐτῷ.
1203 2870 1267 2927 Είσί
1286 2866 1317 2926 δὲ
1336 2868 1427 2927 οότοι·
1450 2872 1484 2927 ἐκ
1504 2872 1558 2944 μὲν
1578 2872 1697 2928 Σκυθίας

432 2975 541 3039 πέντε,
556 2972 714 3050 Παράταςό
728 2971 775 3026 καί
792 2971 931 3048 Πυρετός,
947 2970 1114 3050 Τιάραντος,
1131 2954 1258 3050 Ᾰραρος,
1277 2972 1418 3050 Νάπαρις,
1438 2961 1603 3051 ῡρδησσός·
1617 2973 1649 3029 ἐκ
1666 2968 1696 3028 δέ

433 3064 621 3154 Ᾱγαθόρσων,
635 3074 737 3152 Μάρις·
753 3073 787 3129 ἐκ
801 3077 851 3129 τοῦ
868 3074 957 3146 Αίμου
972 3078 1065 3151 τρεῖς,
1079 3056 1189 3139 Ᾰτλας,
1204 3072 1311 3152 Αὔρας,
1321 3071 1440 3132 ΤίΕισις·
1457 3075 1491 3130 ἐκ
1506 3070 1537 3131 δὲ
1551 3080 1609 3130 τῶν
1623 3078 1697 3155 Θρρ-

432 3184 490 3233 κῶν
509 3183 567 3234 τῶν
582 3173 732 3257 Κροέόζων
748 3182 840 3255 τρεῖς,
856 3160 963 3255 Ᾰθρυς,
978 3176 1067 3243 Νόης,
1081 3175 1128 3231 καί
1142 3165 1283 3256 λρτόνης·
1300 3177 1333 3233 ἐκ
1349 3172 1379 3234 δέ
1401 3178 1529 3234 Παιόνων
1547 3179 1593 3234 καί
1612 3177 1698 3258 όρους

381 3302 412 3355 15
432 3270 573 3350 Ῥοδόπης,
587 3281 653 3338 Κίος
666 3280 801 3354 ποταμός
817 3280 908 3356 μέσον
919 3275 1029 3355 σχίζων
1043 3281 1094 3336 τὸν
1107 3275 1209 3353 Αίμον·
1226 3280 1260 3336 ἐκ
1273 3275 1304 3335 δέ
1317 3271 1454 3360 ίλλυριῶν
1465 3281 1542 3360 ὀρῶν
1551 3286 1609 3337 τῶν
1620 3283 1699 3361 πρός

325 3369 328 3376 ’
434 3380 544 3463 βορρᾶν
559 3384 665 3458 ἀνεμον
682 3378 803 3462 βάλλων
817 3383 859 3439 είς
871 3383 906 3439 τό
920 3377 1111 3462 Τριςαλλικόν
1124 3376 1229 3439 πεδίον
1243 3366 1361 3461 Ᾰγγρος
1374 3383 1471 3460 ἐκχέει
1488 3383 1529 3440 είς
1542 3385 1594 3440 τόν
1608 3386 1698 3464 Βρόγ-

432 3506 497 3562 γον,
512 3483 572 3544 όδέ
585 3488 717 3567 Βρόγγος
729 3487 771 3543 είς
784 3487 836 3542 τόν
855 3471 969 3564 ίσῶρον·
989 3487 1023 3542 ἐκ
1042 3480 1074 3542 δέ
1091 3491 1144 3553 τῆς
1157 3487 1255 3564 χώρας
1272 3491 1330 3541 τῶν
1347 3475 1507 3566 ῡμάρικῶυ,
1527 3488 1634 3568 Κάρπις
1652 3489 1699 3545 καί

434 3574 533 3646 Ᾰλπις.
549 3586 745 3647 Είσὲάλλονσι
760 3584 791 3645 δὲ
806 3590 853 3645 καί
865 3591 959 3668 έτεροι
974 3588 1016 3645 είς
1027 3589 1123 3654 αὐτόν,
1139 3582 1174 3651 ἐξ
1184 3585 1224 3645 ὦν
1237 3588 1347 3664 γίνεται
1361 3589 1481 3646 πάντων
1494 3595 1637 3665 ποταμῶν
1650 3594 1698 3667 μέ·

432 3691 540 3768 γισίος.

379 3816 414 3870 20
475 3783 540 3854 ίσος
555 3791 585 3853 δὲ
601 3798 650 3876 ῥεῖ
656 3796 741 3853 αὐτὸς
755 3798 847 3874 ἐαυτῷ
858 3795 890 3851 ἐν
902 3796 992 3874 θέρει
1006 3796 1054 3852 καί
1064 3800 1199 3871 χειμῶνι,
1209 3795 1253 3852 ότι
1264 3791 1367 3872 ὀλίγον
1377 3790 1516 3873 βρέχεται
1527 3796 1598 3864 αὕτη
1613 3799 1631 3863 ἠ
1645 3804 1699 3877 γῆ,

433 3905 543 3979 νιβετῷ
558 3895 589 3956 δὲ
603 3901 701 3957 πάντα
713 3905 830 3978 χρᾶται·
844 3899 876 3954 έυ
891 3899 981 3976 θέρει
992 3894 1038 3965 δὲ,
1052 3899 1113 3964 ἠέν
1124 3903 1164 3977 τῷ
1173 3903 1293 3974 χειμῶνι
1305 3902 1445 3954 πεσοῦσα
1454 3898 1527 3975 χιὼν
1538 3895 1642 3967 πολλή
1652 3921 1699 3968 τη-

432 4005 542 4079 κομένη
558 4004 707 4061 πάντοθεν
721 3998 871 4060 είσΕάλλει
890 4006 930 4081 τῷ
943 3988 1047 4082 ίσίρῳ·
1067 4002 1139 4059 όσον
1159 3996 1190 4057 δὲ
1209 3996 1283 4080 ὕδωρ
1300 4003 1316 4058 ὁ
1332 3996 1414 4068 ἥλιος
1432 3996 1587 4076 ἐφέλκεται
1607 4003 1640 4059 ἐν
1658 4007 1699 4081 τῷ

434 4108 524 4186 θέρει
536 4108 555 4176 ἡ
568 4108 600 4164 έν
610 4112 652 4186 τῷ
665 4112 950 4184 χειμῶνι,τοσοῦτον
963 4107 999 4162 τά
1011 4104 1236 4182 συμμισγόμενα
1249 4109 1290 4183 τῷ
1305 4090 1395 4184 ίσίρῳ
1408 4099 1622 4162 πολλαπλάσιά
1637 4103 1699 4164 έσίι

467 4275 497 4323 Ex
509 4273 651 4322 membranis
663 4274 678 4321 S
691 4272 778 4322 collatis
790 4287 842 4320 cnm
856 4271 972 4321 codicibus
981 4272 1000 4329 0
1008 4278 1031 4320 et

435 4349 461 4397 Ιί.
474 4340 483 4415 Η
498 4366 519 4399 ι.
530 4329 575 4395 (ότι
586 4345 601 4393 ό
612 4340 722 4413 ίσίροςό
735 4341 850 4406 ποταμός
862 4341 876 4389 ό
890 4338 1030 4407 λεγόμενος

435 4417 529 4481 φεισόν
542 4425 568 4482 Q.
580 4421 661 4481 φισῶν
671 4424 735 4473 R.-
748 4416 777 4466 έιι
792 4438 838 4471 om.
851 4411 917 4485 01&ss
926 4438 974 4470 1-2.
987 4420 1033 4465 τοῦ

434 4489 592 4563 παραδείσου
609 4490 680 4551 ἐξιόν
698 4498 749 4556 ΟΒ.
761 4487 771 4563 u
784 4513 805 4546 υ.
816 4490 905 4562 τίγρητ
920 4496 1030 4554 son.—

434 4568 504 4634 γοόν
517 4576 539 4623 S.
555 4567 632 4636 ymbv
646 4576 673 4631 Q·
683 4563 693 4639 ίί
704 4576 725 4623 ³·
740 4570 792 4617 τοῖς
808 4570 896 4635 μυχοῖς
908 4572 931 4619 S.
943 4598 976 4607 -
988 4563 1031 4614 ίκ·

435 4637 498 4694 δίδοι
510 4651 535 4699 R.
543 4677 575 4686 -
583 4642 700 4695 α’τεννίον
712 4649 762 4706 QR.
773 4637 782 4714 ίί
793 4649 844 4696 ίι-ῡ.
854 4638 977 4710 πρὸστὸν
987 4635 1031 4708 βυ-

435 4718 481 4789 ράα
493 4719 601 4771 ῶιιεανῶι
613 4727 637 4774 s.
645 4753 677 4761 -
687 4715 803 4768 κακεῖθεν
813 4738 858 4772 om.
873 4723 896 4771 S.
907 4710 916 4787 Η
932 4721 954 4769 6.
967 4710 1032 4765 διάῖ

436 4790 565 4859 σίομότων
581 4802 607 4850 n.
619 4828 651 4839 -
666 4787 811 4859 ὀνομάζεται
824 4790 921 4858 γάλλπτ
932 4797 984 4854 QR.
998 4822 1031 4832 -

435 4867 539 4919 ἀλόσσιι
551 4877 574 4923 s.
591 4865 600 4941 Η
616 4891 638 4940 7.
648 4873 760 4940 θρυιιῶν
774 4876 797 4923 s,
810 4863 820 4939 Η
832 4875 854 4921 8,
866 4861 897 4916 δι’
908 4864 939 4922 όν
953 4864 1032 4915 αίτίαν

435 4942 573 5013 προϊόντες
590 4942 701 5009 είτοιμεν
718 4965 763 4998 om.
774 4950 827 5005 Qu.
844 4938 854 5015 ίί
872 4963 895 5012 9.
910 4938 1031 5009 μόγίσίθί

436 5019 482 5081 μέν
492 5017 546 5069 ms
557 5025 623 5082 Q.-
631 5017 685 5069 καθ’
696 5018 770 5069 αὐτόν
780 5013 867 5090 Μία).
878 5016 919 5067 καί
928 5022 974 5068 τοῦ
984 5015 1031 5068 νεί-

1106 4265 1151 4316 λσν
1169 4258 1256 4330 μείζων
1269 4270 1320 4328 ΟΒ.
1335 4260 1344 4335 Ιί
1362 4286 1398 4319 ιι.
1411 4259 1443 4315 [Ζ
1456 4262 1507 4334 γὰρ
1522 4271 1577 4328 QR.
1592 4260 1602 4337 [ί
1619 4286 1697 4320 ιι-ιυ.

1105 4337 1230 4392 σκνθίατῑ
1238 4348 1263 4396 R.
1276 4335 1285 4412 ίί
1297 4362 1334 4395 η,
1347 4335 1476 4410 όρδησσότ
1486 4348 1508 4395 S.
1520 4335 1530 4411 ίί
1545 4347 1582 4394 ι3.
1593 4344 1641 4392 τῶν
1653 4363 1698 4396 om.

1105 4422 1132 4479 Q.
1145 4410 1154 4485 ίί
1168 4422 1206 4468 ιίι.
1221 4421 1269 4467 τῶν
1284 4411 1415 4488 κρυάιίζινυ
1425 4423 1451 4470 R.
1465 4419 1514 4465 τῶν
1531 4409 1664 4485 κρωμιίζοιν
1676 4424 1698 4470 S.

1105 4487 1179 4561 ἀθρνς
1188 4498 1211 4545 s.
1220 4487 1293 4542 ἀτονς
1301 4501 1319 4555 Q
1327 4488 1367 4562 Ru
1375 4500 1411 4546 15.
1420 4491 1474 4541 κιότ
1482 4490 1629 4554 0.-μίσος
1636 4498 1699 4547 R.-

1105 4565 1172 4636 όρῶν
1189 4587 1235 4620 om.
1246 4574 1273 4628 Q.
1283 4599 1315 4607 -
1326 4571 1374 4615 τῶν
1386 4566 1456 4638 πρὸς
1468 4571 1562 4634 oonjeei.
1575 4566 1619 4616 τόν
1631 4568 1700 4638 πρὸς

1104 4652 1195 4709 ponunt
1211 4645 1277 4695 οοόό.
1293 4646 1364 4701 Qfls.
1376 4637 1386 4711 ίί
1400 4648 1437 4695 ιό.
1450 4636 1532 4709 βομᾶν
1544 4648 1567 4695 S.
1577 4675 1609 4683 -
1619 4638 1700 4713 τριὸο·

1105 4714 1177 4765 λιιιόν
1188 4722 1215 4777 Q.
1226 4734 1239 4764 τ
1257 4711 1385 4765 ιὸολλιιιόν
1396 4722 1418 4769 s.
1427 4748 1459 4756 -
1469 4709 1571 4765 παιδίον
1581 4722 1604 4769 S.
1617 4749 1649 4758 -
1661 4717 1701 4767 ίιι-

1105 4789 1172 4859 χίοιν
1181 4733 1291 4861 (χλόη,
1300 4786 1388 4842 κάλπις
1397 4789 1438 4839 καί
1448 4786 1519 4840 άλτις
1526 4797 1545 4852 Q
1552 4785 1592 4861 11.ss
1599 4812 1637 4845 νο.
1645 4789 1701 4842 ίσοτ

1106 4872 1133 4927 Q.
1143 4863 1202 4916 ίσιιτ
1212 4872 1235 4920 S.
1244 4899 1276 4907 -
1285 4864 1325 4915 καί
1335 4865 1363 4915 lv
1374 4870 1477 4934 χειμῶνι
1491 4872 1518 4926 Q.
1529 4861 1538 4935 ίί
1549 4887 1587 4920 ει.
1602 4868 1701 4929 νιφετῶι

1107 4948 1130 4994 s.
1144 4944 1243 5004 νηφετῶ
1253 4948 1280 5003 Q.
1299 4936 1309 5011 ίί
1325 4948 1405 4995 22-23.
1422 4945 1463 4991 τῶι
1478 4940 1558 5011 θέρει
1575 4940 1591 4997 τί
1612 4940 1640 4990 έν
1659 4945 1702 4990 τῶι

1105 5020 1208 5085 χειμῶνι
1221 5024 1244 5072 s.
1254 5013 1264 5088 ίί
1274 5023 1304 5072 ε3
1314 5013 1485 5083 ουμμιγόμινα
1495 5021 1521 5070 R.

1480 5123 1513 5179 16
