4282 6368
565 615 583 674 6
996 612 1180 676 DIONYSH
1202 612 1396 675 ΒΥΖΑΝΤΙΙ

616 757 665 829 IX.
696 760 757 827 Καὶ
774 755 971 828 Ποσειδῶνος
990 760 1078 842 νεὼς,
1097 765 1228 854 ἀρχαῖος
1241 760 1298 844 μὲν
1319 759 1431 854 παρ’δ
1450 761 1502 827 καὶ
1521 762 1622 844 λιτὸς,
1637 760 1827 835 ἐπιέεέηκὼς

564 878 597 950 δὲ
618 891 658 968 τῇ
680 882 841 968 &undrim
867 882 988 949 Τοῦτον
1009 875 1041 947 δὲ
1060 880 1254 976 μετιίρασθαι
1278 883 1503 972 προελομένων
1525 889 1587 950 τῶν
1604 881 1688 950 αὖθις
1707 890 1751 952 εἰς
1772 885 1826 952 τδν

564 1007 642 1099 ὑπὲρ
660 1011 715 1072 τοῦ
731 999 857 1070 ολαδιόν
876 1004 961 1086 μάλα
978 1003 1075 1069 καλὸν
1092 1003 1143 1069 καλ
1159 1006 1260 1090 μέγαν
1274 1004 1326 1070 καλ
1345 1009 1378 1070 ἐν
1397 1004 1519 1092 ὀλίγοις
1536 1012 1598 1072 τῶν
1616 1005 1731 1088 ὁμοίων
1743 1013 1827 1077 θαν-

564 1127 691 1211 μοίσιον,
709 1128 763 1193 οὐκ
781 1125 907 1213 ἐφίησι·
926 1125 1100 1216 χρωμένοις
1113 1125 1177 1218 γὰρ
1192 1129 1337 1206 ἀπεῖπεν,
1351 1125 1414 1192 εἴτε
1428 1130 1560 1212 ἀγαπῶν
1571 1128 1628 1199 τιλν
1646 1127 1826 1221 πρόσοικον

528 1262 543 1311 ι’)
564 1247 712 1333 θαλᾶτδρ
735 1245 946 1341 φιλοχωρίαν,
969 1248 1033 1314 εἴτε
1054 1241 1283 1330 ἐνδεικνύμενος
1298 1252 1340 1314 ὡς
1356 1247 1468 1335 ὀλίγον
1485 1246 1546 1341 ἆρα
1563 1248 1648 1342 πρὸς
1666 1251 1722 1322 τὴν
1737 1251 1827 1316 εὐσέ-

564 1370 650 1437 Εειαν
666 1372 817 1438 πλοῦτος.

528 1526 534 1537 ·
618 1487 650 1558 Χ.
678 1470 754 1558 ino
770 1486 803 1556 δὲ
819 1491 874 1558 τὸν
889 1491 965 1556 νεὼν
978 1495 1033 1557 τοῦ
1050 1485 1262 1573 Ποσειδῶνος,
1281 1486 1403 1557 ἔνδοθεν
1416 1489 1472 1575 μὲν
1490 1496 1545 1558 τοῦ
1560 1492 1697 1580 τείχους,
1717 1485 1828 1557 <ridicu

564 1613 614 1678 καὶ
633 1613 792 1698 γνμνοίσια
809 1611 860 1677 καὶ
881 1606 989 1704 δρόμοι
1006 1612 1083 1677 νέων
1101 1617 1134 1678 ἐν
1147 1617 1212 1678 τοῖς
1229 1605 1404 1678 ἐπιπέδοις·
1423 1616 1458 1678 ἐκ
1479 1612 1645 1684 &aieirins
1659 1607 1708 1695 δὲ,
1729 1613 1827 1706 ιλρέμα

566 1729 681 1826 ῥοώδης
698 1732 750 1800 καὶ
766 1736 810 1800 εἰς
825 1734 861 1800 τὸ
880 1732 983 1826 Κέρας
998 1733 1133 1805 ἐπόντος
1151 1737 1168 1800 ὁ
1185 1737 1298 1800 πλοῦς.

514 1870 544 1922 10
616 1851 667 1921 Xt.
694 1835 914 1942 Ῠποδέχονται
928 1850 962 1921 δὲ
974 1861 1029 1929 τῆς
1043 1855 1140 1948 ἄκρας
1151 1856 1207 1929 τιλν
1222 1854 1357 1947 πρώτην
1370 1856 1580 1948 περιαγωγὴν
1595 1860 1678 1949 τρεῖς
1690 1856 1827 1938 λιμένες,

565 1977 607 2043 ὧν
622 1982 639 2043 ὁ
653 1972 704 2042 διδ
716 1977 813 2061 μέσον
827 1974 923 2060 βαθὺς
936 1981 1096 2058 ἐπιεικῶς,
1111 1975 1161 2042 καλ
1176 1981 1238 2042 τῶν
1254 1975 1311 2059 μὲν
1325 1976 1430 2042 ἄλλων
1444 1978 1565 2060 ἀνέμων
1579 1976 1725 2049 ἀνήκοος·
1743 1976 1828 2045 λιὸδς

565 2095 597 2165 δὲ
615 2099 853 2180 ἐκνικιίσαντος,
868 2101 923 2165 οὐκ
937 2101 981 2165 εΙς
995 2098 1079 2165 ἅπαν
1094 2097 1221 2191 δχυρός·
1235 2097 1378 2165 κλεισΊὸς
1392 2092 1426 2163 δὲ
1437 2096 1673 2193 ἀμφοτέρωθεν·
1690 2100 1827 2193 εἴργεται

565 2220 627 2314 γὰρ
642 2217 857 2306 ν’ποδομιλσεσι
877 2218 1006 2310 τειχίων
1025 2224 1042 2293 ἡ
1061 2225 1117 2293 τῆς
1133 2218 1298 2293 &aieirins
1315 2214 1479 2313 ἐπιδρομιλ.

615 2337 682 2409 ΧΙΙ.
712 2342 777 2409 Τὸν
791 2337 824 2408 δὲ
837 2340 923 2408 ἔνθεν
934 2338 1212 2436 παραμειψάμενοι
1226 2342 1306 2408 κατὰ
1318 2340 1415 2425 βάθος
1425 2342 1567 2426 κείμενον
1580 2339 1720 2434 πύργον,
1735 2366 1829 2433 περι-

513 2479 544 2531 15
565 2470 647 2558 φερῆ
663 2464 719 2550 μὲν
734 2465 770 2531 τδ
787 2470 914 2553 σχῆμα,
933 2462 1038 2530 πολὺν
1055 2458 1088 2530 δὲ
1106 2464 1157 2530 ἐπὶ
1173 2468 1243 2530 πᾶν
1257 2461 1403 2550 μέγεθος,
1419 2463 1616 2531 witonem
1626 2457 1660 2531 δὲ
1673 2465 1757 2558 πρὸς
1770 2464 1828 2537 τὴν

565 2588 693 2680 ἤπειρον
711 2588 747 2653 τὸ
765 2591 883 2675 τεῖχος·
899 2590 1030 2679 πρῶτον
1046 2586 1102 2670 μὲν
1119 2580 1232 2653 πεδιόν
1249 2590 1304 2653 τοῦ
1321 2580 1513 2678 διείργοντος
1533 2586 1566 2653 τὸ
1580 2587 1622 2670 μιλ
1636 2593 1734 2660 νῆσον
1749 2584 1827 2651 εἶναι

608 2764 628 2796 ι.
648 2745 720 2816 παρὸ
740 2742 766 2795 Α.
782 2739 792 2815 λλ
807 2759 832 2794 ο.
851 2743 944 2794 τούτων
963 2739 991 2793 δὲ
1011 2739 1159 2814 μετδρασθαι
1237 2740 1247 2812 λλ
1268 2741 1308 2795 tlt.
1329 2747 1433 2813 πῦργον
1452 2741 1480 2794 Α.
1504 2737 1514 2814 λλ
1539 2740 1580 2794 15.
1599 2742 1689 2792 enses
1707 2740 1733 2793 Α.
1754 2737 1764 2812 λλ
1786 2740 1827 2793 16.

565 2828 748 2899 προελομένων
760 2832 809 2879 τῶν
822 2823 887 2878 αὖθις
900 2828 927 2879 Α.
941 2822 952 2898 λ
967 2826 992 2879 5.
1004 2825 1122 2885 &Mein
1131 2826 1158 2879 λ.
1234 2828 1312 2892 τομὴ,
1324 2832 1404 2885 νῆσον
1417 2825 1444 2878 Α.

607 3029 651 3090 lx.
674 3030 763 3114 Supro
782 3030 866 3091 etiem
886 3029 1114 3115 [promontorium
1136 3028 1310 3114 bosporium]
1331 3030 1451 3112 temptum
1472 3039 1513 3092 est
1535 3029 1662 3112 Neptuni,
1684 3030 1828 3114 antiquum

565 3131 692 3216 quidem,
710 3142 824 3216 propter
841 3131 917 3217 quod
933 3141 961 3193 et
976 3131 1104 3217 simplex,
1118 3133 1242 3194 eminens
1262 3153 1326 3193 vero
1344 3133 1372 3193 in
1393 3154 1477 3194 more.
1496 3130 1550 3194 Sed
1562 3132 1677 3216 posteris
1696 3132 1828 3194 inlocum

565 3257 650 3318 supra
665 3233 784 3296 studium
800 3235 1003 3295 ornatissimum
1014 3244 1042 3296 et
1056 3233 1257 3317 amplissimum
1271 3244 1298 3296 et
1308 3235 1336 3295 in
1347 3235 1441 3318 prucis
1456 3234 1609 3296 mirabilem
1622 3234 1768 3296 transferre
1783 3255 1829 3295 eo·

565 3338 694 3400 nantibus
705 3359 759 3399 non
773 3338 898 3420 permisit
909 3336 948 3422 [se
958 3336 1122 3421 transferri];
1134 3337 1338 3399 consulentibus
1349 3338 1422 3399 enim
1436 3336 1545 3407 obnuit,
1561 3339 1618 3400 sive
1629 3360 1724 3400 emens
1739 3338 1827 3400 locum

530 3450 545 3502 5
567 3442 635 3503 mari
650 3441 784 3512 vicinum,
800 3442 857 3503 sive
871 3440 1016 3503 ostendens
1031 3442 1107 3525 parvi
1122 3441 1253 3503 momenti
1265 3463 1323 3503 esse
1338 3440 1447 3503 divitius
1458 3442 1551 3525 pietati
1563 3442 1747 3526 'comparatus

608 3545 640 3606 x.
664 3543 721 3605 Sub
736 3544 837 3627 templo
854 3544 988 3628 Neptuni,
1006 3546 1077 3606 intre
1093 3543 1199 3629 [urbis]
1217 3566 1343 3615 murum,
1359 3555 1424 3607 sunt
1437 3545 1523 3605 stadio
1537 3554 1564 3606 et
1575 3547 1717 3627 pyrrrnosia
1729 3555 1756 3607 et
1770 3568 1830 3606 our-

566 3649 649 3708 rienta
663 3649 788 3730 juvenum
807 3648 836 3708 in
853 3647 973 3731 planitie.
991 3648 1026 3709 At
1040 3670 1071 3710 ex
1091 3648 1175 3709 muris
1195 3657 1273 3732 perte
1292 3657 1333 3709 est
1348 3648 1485 3732 navigatio
1499 3648 1596 3712 leniter
1610 3649 1746 3711 fluctuans
1761 3650 1827 3711 etin

566 3750 678 3834 [sinum]
692 3750 787 3812 Cornu
799 3751 936 3834 proclivis.

608 3853 652 3916 xl.
675 3853 821 3937 Excipiunt
835 3863 928 3916 nutem
943 3854 1062 3937 primum
1080 3854 1261 3939 promontorii
1274 3853 1420 3939 [Bosporii]
1435 3854 1640 3916 eonversionem
1658 3868 1710 3915 tres
1717 3868 1826 3937 portus,

514 3961 546 4014 ¹0
566 3978 685 4041 quorum
696 3956 803 4017 medius
816 3957 881 4018 sotis
895 3955 1077 4039 profundoso
1092 3957 1188 4018 oeteris
1203 3954 1316 4040 quidem
1332 3957 1418 4018 ventis
1429 3958 1538 4041 tegitur,
1550 3955 1684 4021 abbirim
1699 3979 1762 4019 voro
1778 3957 1829 4018 do-

566 4061 687 4122 minante
708 4069 783 4122 tutus
798 4060 910 4121 omnino
924 4080 980 4121 non
1001 4069 1060 4120 est:
1083 4059 1192 4121 clausus
1214 4067 1307 4120 eutem
1326 4060 1470 4143 utrinque,
1497 4081 1561 4120 nom
1582 4059 1829 4122 substructionibus

565 4164 699 4225 moeuium
714 4172 853 4224 coercetur
870 4163 954 4223 moris
969 4162 1103 4224 incursus.

608 4265 665 4328 xit.
688 4265 918 4327 Praetereuntihus
928 4263 1027 4326 deinde
1037 4264 1118 4324 situm
1133 4264 1160 4324 in
1171 4261 1308 4347 profundo
1319 4277 1430 4333 turrem,
1439 4265 1529 4350 figura
1541 4265 1655 4348 quidem
1667 4267 1829 4328 rotundum.

566 4390 598 4428 ex
613 4369 688 4429 omui
703 4389 766 4430 vero
777 4377 854 4451 porte
869 4366 1004 4451 emptum,
1020 4388 1083 4451 quae
1094 4365 1189 4451 jungit
1199 4366 1345 4427 eontinenti
1356 4365 1452 4450 [urbis]
1467 4370 1581 4437 moenio,
1597 4370 1705 4452 primus
1714 4371 1831 4431 occurrit

608 4528 658 4582 1-3.
678 4529 803 4601 antiquum
819 4527 885 4600 opud
904 4527 967 4600 qood
975 4528 1029 4600 suit
1047 4545 1118 4581 neris
1135 4528 1160 4580 in
1232 4525 1312 4598 ριἰὸοι
1323 4526 1415 4580 Gb.—-
1425 4528 1637 4601 eironmfhmonem
1652 4529 1699 4584 Gb.
1713 4531 1832 4583 conuitio-

566 4631 631 4666 ποτε
646 4612 748 4665 ominem
765 4630 834 4684 qoem
849 4610 987 4684 Byzantinis
997 4612 1022 4664 in
1034 4611 1112 4665 boum
1122 4630 1161 4664 ον-
1233 4611 1336 4664 ¹10ch.
1346 4608 1356 4683 λλ
1370 4613 1831 4685 ron1.uoeten'soentn'rtogebotur,ob

566 4697 678 4749 ποτέονται
692 4696 822 4768 tronosme
835 4715 855 4748 ε.
870 4695 916 4750 Gb.
932 4694 941 4768 λλ
957 4695 981 4748 b.
995 4695 1161 4750 «oonsulenti-
1234 4691 1315 4764 Africo
1327 4704 1392 4747 totus
1413 4696 1505 4748 onmino
1526 4714 1571 4748 non
1587 4707 1639 4749 erut
1653 4696 1700 4750 Gb.
1715 4694 1724 4769 λλ
1742 4716 1830 4755 ιι-ιο,

566 4779 612 4832 bus
633 4779 700 4832 enim
722 4778 828 4832 obnuitn
848 4797 898 4832 om.
914 4778 960 4833 Gb.
975 4778 985 4853 λλ
1005 4781 1030 4833 5.
1046 4797 1161 4854 noomps
1235 4777 1360 4831 nolumus.
1372 4819 1396 4831 ..
1415 4779 1545 4833 incur-suso
1565 4798 1615 4832 om.
1631 4779 1678 4834 Gb.
1701 4781 1744 4834 Gc.
1759 4779 1768 4854 λλ
1786 4783 1832 4835 13-

565 4870 648 4916 ratesn
662 4881 712 4917 om.
727 4861 775 4917 Gb.
789 4860 799 4937 λλ
814 4863 839 4916 6.
854 4874 923 4917 nunt
937 4863 1016 4916 stadia
1031 4863 1161 4934 Gbsniue
1239 4863 1280 4916 tlt.
1300 4862 1382 4916 duride
1398 4864 1472 4917 torris
1485 4863 1540 4917 beroe
1551 4864 1750 4935 magnomonte
1760 4867 1832 4917 eonti-

565 4946 644 4999 rtodio
651 4944 741 5020 ὓςλλγ.
752 4957 804 5002 erut
812 4947 933 5018 navigatio
943 4947 959 4999 τ’.
968 4967 988 5000 ι.
999 4945 1070 5001 Cerae
1079 4946 1161 5002 leniter
1234 4947 1299 5000 τινοιν
1298 4947 1417 5019 jungebat
1426 4948 1492 5001 urbii
1499 4949 1585 5001 munio
1595 4946 1657 5021 (ἰΙιλλ
1671 4950 1738 5021 ili-p.
1748 4969 1772 5023 7,
1782 4950 1798 5003 i.
1809 4971 1831 5004 ι.

558 5029 639 5103 fluens
649 5029 696 5086 Gb.
704 5030 828 5103 fiuctnono
836 5042 859 5084 et
868 5030 968 5086 αδοετιο
979 5030 1022 5084 Ge.
1038 5028 1048 5105 λλ
1063 5048 1088 5103 9.
1098 5032 1161 5084 enei-
1232 5032 1650 5103 prininspostnunioeampuennt
1662 5031 1709 5087 Gb.
