4282 6368
793 545 1062 612 annonlrlo
1090 551 1140 613 lo
1166 553 1396 618 LECTOREM.
1482 500 1485 505 Ι
1693 589 1722 627 ιιι

451 682 547 762 hisee
564 686 650 764 meis
664 687 958 798 palaeographicis
971 693 1112 786 studiis,
1125 696 1460 808 quantulacumque
1470 716 1569 794 sunt,
1583 719 1721 812 partem

451 813 544 894 hanc
565 816 795 928 decerperem
818 834 853 900 et
873 827 1144 932 quamprimum
1165 828 1301 935 publici
1314 833 1406 937 juris
1426 832 1593 914 lacerem.

508 948 587 1038 Qua
599 978 683 1028 vero
695 954 832 1032 ratione
845 957 1044 1035 institutum
1063 987 1153 1065 opus
1163 961 1336 1067 perlicere
1350 992 1536 1070 aggressus
1549 969 1632 1061 sim,
1644 972 1719 1075 jam

450 1077 656 1160 dicendum.
670 1083 826 1163 Praemisi
846 1091 1183 1168 commentationem
1198 1091 1520 1202 palaeograplricam
1536 1098 1581 1177 de
1599 1101 1720 1180 codiee

450 1209 610 1318 Dionysii
631 1214 789 1320 Byzantii
817 1217 1109 1312 membranaceo,
1136 1234 1173 1300 et
1198 1253 1365 1330 quaenam
1391 1227 1435 1305 sit
1460 1232 1536 1335 ejus
1564 1231 1719 1310 conditio

448 1342 623 1423 hodierna
646 1349 810 1453 exposui3
833 1349 991 1428 codicem
1012 1351 1129 1457 ipsum
1149 1353 1266 1460 qualis
1287 1356 1424 1463 integer
1446 1357 1530 1435 olim
1549 1363 1720 1440 exstiterit

448 1504 488 1553 ex
512 1479 637 1556 notitia
659 1477 805 1558 aliunde
825 1493 967 1589 sumpta
989 1482 1176 1592 descripsi;
1199 1515 1438 1596 quaecumque
1463 1506 1657 1598 supersunt
1677 1523 1717 1572 ex

447 1608 637 1717 deperdito
662 1609 723 1691 illo
748 1612 868 1691 codice
891 1612 1188 1722 Geograplrorum
1211 1618 1417 1697 Graecorum
1440 1620 1639 1727 fragmenta
1661 1654 1719 1702 re-

447 1744 585 1833 eensui;
601 1755 742 1822 aetatem
761 1773 802 1823 ex
819 1747 995 1852 scriptura
1016 1750 1167 1853 conjeci3
1184 1751 1368 1857 scripturae
1382 1752 1492 1859 ipsius
1510 1752 1666 1831 indolem
1684 1769 1718 1833 et

446 1874 657 1984 compendia
678 1877 876 1984 praecipua,
898 1906 978 1983 quae
1001 1877 1143 1955 assidua
1170 1881 1378 1959 tractatione
1402 1896 1582 1988 comperta
1605 1882 1717 1962 habe·

449 2006 551 2097 bam,
576 2009 712 2099 notavi3
732 2006 889 2115 denique
909 2006 1005 2086 locos
1024 2008 1200 2115 plurimos
1220 2011 1257 2087 in
1276 2012 1408 2119 quihus
1427 2015 1540 2091 versio
1562 2014 1715 2093 Gilliana

445 2167 527 2216 cum
547 2167 661 2246 graeco
680 2152 778 2217 textu
793 2141 973 2247 conspirat
988 2138 1042 2218 vel
1060 2141 1105 2218 ab
1126 2170 1167 2219 eo
1184 2141 1303 2220 dillert
1316 2143 1365 2220 ita
1381 2146 1556 2251 congessi,
1575 2157 1614 2223 ut
1632 2145 1715 2224 inde

444 2281 618 2378 appareat
639 2284 762 2349 utrum
788 2269 898 2349 codex
925 2269 1100 2349 Gillianns
1122 2271 1216 2350 idem
1243 2274 1351 2352 luerit
1372 2303 1413 2352 ac
1433 2289 1564 2365 noster,
1588 2306 1711 2355 necne.

444 2401 483 2479 ln
504 2402 575 2481 sme
596 2401 641 2480 de
661 2402 821 2507 Dionysii
841 2402 998 2509 Byzantii
1024 2417 1143 2494 aetate,
1163 2403 1251 2495 lide,
1274 2404 1415 2484 dicendi
1435 2432 1583 2509 genere,
1600 2435 1712 2513 pauca

444 2536 607 2613 disserui.
626 2534 866 2643 Subjungitur
885 2536 964 2613 ordo
982 2535 1106 2640 Aocpli
1123 2537 1196 2614 sive
1210 2535 1404 2615 laterculus
1424 2537 1585 2616 locorum
1607 2552 1714 2647 quot-

444 2680 532 2775 quot
552 2697 571 2745 a
590 2667 759 2774 Dionysio
780 2679 1024 2745 recensentur.

498 2798 636 2878 Deinde
653 2800 770 2905 ipsum
786 2799 944 2906 Dionysii
960 2810 1095 2876 textum
1108 2797 1154 2875 ad
1170 2797 1279 2876 fidem
1295 2798 1424 2878 codicis
1439 2800 1539 2891 dedi,
1559 2804 1713 2909 exceptis

443 2933 484 3010 iis
501 2961 583 3039 quae
597 2943 692 3010 certa
710 2933 848 3009 ratione
868 2930 1093 3009 emendanda
1109 2929 1337 3022 videbantur,
1354 2961 1396 3010 eo
1412 2943 1533 3010 tamen
1552 2945 1657 3040 pacto
1672 2947 1712 3012 ut

441 3065 547 3142 etiam
571 3076 646 3142 tum
670 3065 744 3171 ipsa
763 3063 893 3141 codicis
911 3062 1015 3141 lectio
1031 3064 1075 3141 sit
1089 3064 1125 3141 in
1142 3064 1222 3140 imis
1235 3061 1383 3171 pagellis
1396 3065 1590 3172 proposita.
1608 3064 1711 3142 Parte

440 3196 552 3274 altera
572 3197 771 3274 versionem
790 3195 938 3274 latinam
959 3196 1079 3302 posui,
1104 3197 1298 3303 partimex
1318 3193 1470 3275 Gilliana
1491 3207 1712 3274 commenta-

440 3329 536 3406 tione
553 3327 776 3435 decerptam,
795 3329 925 3434 partim
941 3328 1088 3434 proprio
1103 3327 1217 3406 Marte
1233 3324 1289 3405 vel
1308 3327 1534 3406 emendatam
1548 3325 1604 3404 vel
1625 3357 1712 3435 sup-

439 3457 590 3567 pletam,
603 3456 717 3536 sedea
730 3458 861 3565 legent
875 3460 1025 3538 varietas
1038 3461 1209 3537 versionis
1221 3458 1401 3549 Gillianae‚
1411 3460 1709 3567 quotiescumque

438 3591 732 3697 operaepretium
755 3592 868 3667 visum
884 3602 953 3679 est,
971 3591 1007 3667 in
1028 3592 1120 3669 notis
1139 3590 1326 3669 reseratur.
1345 3590 1523 3669 Lacunam
1540 3603 1594 3669 sat
1607 3619 1709 3696 gran·

438 3721 521 3800 dem
542 3751 623 3829 quae
645 3724 680 3800 in
702 3721 821 3800 medio
846 3751 954 3830 opere
980 3723 1135 3801 occurrit
1161 3722 1322 3828 ejusdem
1346 3720 1441 3799 Gillii
1468 3720 1628 3799 subsidio
1649 3750 1709 3800 er-

437 3854 548 3960 plevi‚
581 3867 620 3932 ut
651 3853 900 3932 deficientibus
930 3883 972 3931 eo
999 3852 1078 3931 loco
1110 3855 1220 3961 ipsius
1248 3854 1406 3960 Dionysii
1437 3853 1554 3932 verbis
1587 3882 1707 3932 rerum

437 3986 563 4064 saltem
582 3987 691 4064 series
712 3997 821 4094 atque
846 3986 934 4063 ordo
957 3999 1131 4064 servetur.
1155 3985 1216 4063 llis
1242 3985 1378 4094 subjeci
1400 3984 1533 4063 scholia
1555 3985 1707 4092 margini

438 4118 567 4196 codicis
588 4116 698 4195 rubro
720 4118 837 4196 colore
860 4119 1018 4226 oppleta,
1043 4148 1084 4196 ex
1109 4118 1235 4196 litteris
1255 4117 1329 4196 lere
1350 4117 1509 4196 evanidis
1529 4129 1706 4224 quantum

438 4250 514 4328 fieri
546 4251 664 4358 potuit
691 4251 866 4328 restituta.
899 4249 1071 4356 Sequitur
1101 4250 1283 4327 adnotatio
1312 4250 1433 4327 critica
1463 4277 1544 4326 cum
1575 4249 1707 4326 notulis

435 4380 574 4489 aliquot
594 4380 638 4460 de
661 4381 918 4459 recentioribus
941 4380 1100 4459 locorum
1123 4379 1363 4489 quorumdam
1390 4379 1703 4488 appellationibus.

436 4513 611 4592 Praeterea
632 4513 809 4593 accedunt
828 4513 1125 4620 Geograpliorum
1148 4512 1353 4592 Graecorum
1374 4513 1572 4618 fragmenta
1589 4542 1630 4590 eu
1646 4513 1707 4589 iis-

435 4643 517 4723 dem
542 4645 761 4724 membranis
783 4644 836 4723 vel
855 4644 1033 4752 descripta
1052 4644 1105 4722 vel
1126 4673 1147 4721 a
1168 4673 1225 4722 me
1250 4672 1331 4721 cum
1350 4642 1454 4721 editis
1474 4642 1617 4733 collata,
1637 4645 1705 4720 sci-

435 4777 516 4856 licet
537 4779 713 4883 llnonymi
736 4777 952 4883 Geogroplrioe
971 4777 1129 4883 copositio
1148 4776 1404 4882 compmrdiorio,
1429 4777 1635 4880 llnonymus
1658 4775 1704 4852 De

429 4909 689 5015 geographiam
708 4910 837 5014 spluerc
861 4909 1087 5014 intelligendo,
1112 4909 1340 5013 Agatlremeri
1363 4906 1578 5014 Geograpltire
1600 4907 1704 5014 insor-
