4282 6368
548 597 586 656 ύίι
758 591 1053 655 SUPPLEMENTA
1077 592 1114 652 IN
1139 589 1416 653 GEOGRAPHOS
1437 587 1608 652 GRAEcos

590 743 628 804 ς’.
653 723 732 819 Ᾰραρ
746 734 900 819 πο[ταμόςΙ

650 844 735 919 ἰχθύς
748 838 865 898 σκολοιτ
880 838 924 918 (in
942 846 1015 898 textu
1030 834 1221 915 σκολότιιδος)

654 942 735 1002 λίθος
747 946 780 1000 ἐν
794 951 830 1018 τῇ
843 939 959 1015 κεφαλῇ
971 949 1022 998 τοῦ
1033 941 1132 1018 ίχθύος
1143 936 1257 1018 χόνδρῳ
1272 941 1433 1018 παρόμοιος

653 1048 720 1125 όρος
732 1042 916 1123 Λούγδουλον
931 1043 975 1123 (in
989 1052 1063 1103 textu
1079 1039 1275 1119 λούσδουλος)

592 1151 625 1214 ζ’.
657 1148 810 1208 ΙΙακτωλύς
824 1145 978 1230 π[οταμός]

656 1251 734 1312 λίθος
747 1247 953 1333 ἀρουροφύλαξ
963 1250 1006 1332 (ἰο
1020 1259 1095 1309 textu
1111 1247 1330 1329 ἀρουραφύλαξί

657 1356 765 1434 βοτάνη
780 1357 1028 1437 πορφυράνθεμος
1041 1359 1059 1421 η
1071 1351 1246 1433 χρυσοτόλη

655 1458 776 1535 Τμῶλος
791 1460 858 1540 όρος

655 1562 735 1621 λίθος
746 1567 881 1644 κισσήρει
895 1563 1059 1641 παρόμοιος
1073 1564 1106 1617 ἐν
1121 1568 1161 1638 τῷ
1176 1560 1237 1638 όρει

615 1667 631 1719 ’.
655 1670 806 1745 Λύκαρμος
820 1662 975 1746 ποίταμός]

657 1772 724 1849 όρος
739 1770 854 1837 Μύηνον

656 1874 739 1930 άνθος
753 1870 869 1930 λεύκιον
882 1871 927 1951 (in
941 1878 1014 1930 textu
1030 1869 1179 1948 λευκοίον)
1194 1873 1225 1926 ἐν
1240 1879 1280 1950 τῷ
1295 1880 1355 1950 ορει

613 1979 628 2030 ’.
657 1973 814 2056 Μαίανδρος

656 2078 736 2137 λίθος
749 2082 865 2159 τέφροιν
881 2077 935 2156 (sie
949 2077 1017 2136 etin
1031 2087 1104 2138 [extu
1121 2076 1200 2135 λίθος
1214 2077 1274 2135 κατ’
1291 2081 1461 2158 ἀντίφρασιν
1477 2076 1593 2158 τέφρων
1607 2078 1799 2159 καλούμενος)

657 2188 724 2261 όρος
739 2180 866 2240 Σίπυλον

657 2283 736 2344 λίθος
746 2281 888 2364 κυλίνδρῳ
899 2287 1062 2364 παρόμοιος

619 2390 633 2443 '.
658 2389 793 2467 Μαρσύας
805 2388 939 2462 ποταμός

658 2489 766 2568 βοτάνη
784 2487 871 2547 αὐλός

657 2602 724 2672 όρος
735 2595 924 2675 Βερεκύνθιον

657 2697 737 2756 λίθος
752 2702 876 2777 μάχαιρα

619 2805 634 2859 '.
658 2805 794 2882 Στρυμὼν
807 2804 940 2878 ποταμός

658 2905 738 2964 λίθος
750 2904 938 2964 πανσίλυττος

658 3010 711 3089 όρη
725 3001 839 3077 θοδόιτη
855 3013 901 3066 καί
916 3015 1003 3085 Αίμος
1015 3008 1084 3088 (sic)

659 3111 734 3171 λίθοι
750 3116 783 3170 ἐν
798 3120 858 3171 τοῖς
872 3113 954 3192 όρεσι
970 3109 1144 3188 φιλάδελφοι

585 3215 635 3295 ιβ’.
660 3214 977 3298 Σάηγαριςπομαμόςί-
992 3214 1080 3276 Habet
1095 3217 1175 3276 eliam
1193 3227 1284 3276 ίοιίιις
1298 3223 1440 3297 Σαηηαρις

658 3319 738 3378 λίθος
752 3318 935 3397 αύτόγλυφος

658 3425 725 3502 όρος
738 3421 899 3492 Βαληναῖον

658 3524 738 3584 λίθος
753 3528 785 3583 ἐν
799 3533 840 3605 τῷ
853 3525 913 3604 όρει
927 3523 1019 3606 α’σίηρ

590 3629 638 3706 ιγ’.
662 3624 845 3707 Σκάμανδρος
859 3625 1014 3709 ποίταμός]

659 3731 769 3810 βοτάνη
783 3730 902 3811 σίσίρος

658 3837 726 3915 όρος
737 3823 784 3902 ίδη

658 3938 738 3999 λίθος
748 3942 868 4022 κρύφιος

591 4039 634 4098 ιδ’.
658 4046 760 4102 Τάναίς
773 4048 908 4119 ποταμός

659 4149 752 4220 φυτὸν
767 4144 866 4204 ἀλίνδα
879 4147 948 4226 (sic)

658 4247 738 4307 λίθος
750 4249 904 4332 κρνσθάλῳ
915 4251 1125 4332 παραπλήσιος

659 4352 727 4431 όρος
741 4349 864 4434 Βριξάὲα

661 4454 770 4533 βοτάνη
785 4453 878 4539 Φρίξα
894 4461 925 4515 ἐν
940 4465 980 4536 τῷ
993 4460 1054 4538 όρει

590 4560 634 4617 ιε’.
658 4555 821 4640 Θερμώδων
835 4563 969 4636 ποταμός

586 4666 634 4725 ις’.
657 4659 761 4720 Νεῖλος

658 4766 738 4826 λίθος
753 4771 851 4848 κυάμῳ
865 4772 1028 4850 παρόμοιος

659 4872 726 4951 όρος
741 4858 868 4951 Ᾰργιλον

658 4970 841 5057 σηίμείωσαι]
854 4979 950 5034 πόθεν
963 4986 999 5051 τη
1013 4971 1131 5056 ίσπανίρ
1145 4983 1227 5061 χώρᾳ
1238 4990 1270 5038 τι)
1286 4983 1374 5058 ὄνομα
