4282 6368
440 588 499 652 106
891 590 1094 655 APPENDIX
1117 592 1249 655 PRIOR.

1054 831 1081 889 5.

966 968 997 1017 Τί
1009 968 1078 1019 ἐσίιν
1090 967 1154 1028 όξυιν
1161 991 1168 1029 ,·

478 1120 560 1200 Ᾰξῶν
572 1139 697 1215 σφαίρας
713 1134 792 1192 ἐσίἰν
807 1136 904 1193 εὐθεῖα
916 1132 1144 1211 ἐπιζευγνυμένη
1157 1138 1214 1193 ἀπὸ
1228 1143 1279 1194 τοῦ
1291 1135 1390 1194 πόλου
1403 1140 1450 1195 ἐπὶ
1468 1142 1502 1196 τό
1518 1143 1637 1220 κέντρον
1649 1149 1701 1203 τῆς

435 1241 574 1319 σφαίρας,
590 1240 636 1296 καί
649 1242 696 1296 επί
709 1241 826 1317 θάτερα
840 1235 1050 1312 ἐκὲαλλομόνη.

1054 1434 1082 1493 6.

888 1574 920 1623 Τί
931 1572 984 1624 ἰσίι
997 1573 1080 1645 πέρας
1089 1580 1134 1625 τοῦ
1144 1571 1247 1636 όξονοςς

479 1724 571 1802 Πέρας
582 1728 633 1778 τοῦ
649 1718 750 1785 όξονός
765 1721 844 1780 ἐσόιν
858 1727 874 1779 ὁ
889 1721 994 1781 πόλος,

1053 1941 1070 2000 7
1076 1967 1082 1978 .

976 2060 1057 2112 Πόσοι
1069 2061 1162 2122 σόλοι;

479 2224 567 2283 Πόλοι
582 2229 638 2284 εἰσί
652 2223 717 2283 δύο·
732 2232 748 2284 ὁ
764 2231 817 2302 μὲν
832 2225 894 2285 καθ’
908 2233 982 2303 ἡμᾶς
995 2227 1124 2308 βόρειος·
1141 2234 1157 2286 ό
1172 2227 1203 2287 δὲ
1216 2232 1365 2308 ἀντίχθοσι
1380 2234 1426 2288 καί
1442 2235 1552 2305 α’φανης
1564 2235 1664 2289 νότιος.

1053 2427 1082 2485 8.

886 2565 967 2616 Πόσοι
980 2567 1067 2617 κύκλοι
1079 2566 1254 2637 παράλληλον·

477 2731 582 2790 Κύκλοι
597 2730 785 2811 παράλληλοι
798 2737 906 2791 πέντε
922 2737 1100 2813 ἰσημερινός,
1113 2737 1244 2814 τροπικοί
1255 2731 1319 2801 δύο,
1336 2738 1462 2813 ἀρκτικοί
1477 2733 1535 2791 δύο.

476 2833 520 2891 A'.
545 2827 713 2915 ἰσημερινός
727 2840 743 2892 ό
760 2837 896 2913 μέγισίος
907 2845 965 2895 τῶν
979 2835 1198 2916 παραλλήλων,
1212 2836 1258 2913 ἐφ’
1269 2837 1301 2895 οό
1314 2839 1465 2914 γινόμενος
1478 2843 1494 2895 ό
1505 2836 1586 2905 ἥλιος
1599 2840 1700 2912 ἰσημε-

434 2942 496 3017 ρίαν
511 2947 601 2996 ποιεῖ.

475 3041 515 3098 Β’.
539 3044 660 3120 Θερινός
671 3045 822 3122 τροπικός,
836 3039 882 3119 ἐφ’
895 3043 955 3100 όνό
970 3040 1052 3110 ηλιος
1066 3044 1217 3119 γινόμενος
1232 3046 1356 3122 θερινὰς
1369 3047 1406 3102 ῶς
1423 3049 1500 3124 πρὸς
1515 3050 1588 3117 ἡμᾶς
1606 3053 1697 3102 ποιεῖ-

432 3166 477 3201 ται
490 3147 599 3223 τροπὰς
613 3147 660 3202 καί
674 3148 819 3225 γράφεται
835 3141 879 3201 διὰ
893 3148 1034 3224 Καρκίνον
1051 3152 1156 3226 μοιρῶν
1172 3144 1203 3203 Η.

474 3245 512 3302 Γ’.
536 3249 704 3326 Χειμερινός
718 3243 765 3315 δὲ,
778 3245 825 3320 ἐφ’
838 3246 871 3305 οό
884 3250 1036 3324 γινόμενος
1047 3251 1212 3327 χειμερινὰς
1226 3247 1376 3328 ἐργάζεται
1391 3253 1500 3330 τροπὰς
1514 3253 1586 3328 περί
1599 3258 1700 3328 μοῖραν

434 3352 633 3429 Αἰγοκέρῶτος
647 3347 761 3428 ὀγδόην.

476 3453 516 3510 Δ’.
540 3441 592 3510 ὅτι
609 3460 666 3511 τῶν
679 3456 819 3533 α’ρκτικῶν
835 3458 850 3509 ὁ
867 3456 919 3528 μέν
935 3453 996 3511 έσίι
1013 3453 1129 3533 βόρειος
1143 3458 1190 3512 καί
1206 3457 1343 3528 όειφανης
1357 3453 1419 3513 καθ’
1434 3461 1515 3528 ἡμᾶς.

474 3559 515 3613 Ε’.
538 3549 562 3612 O
579 3554 610 3613 δέ
625 3558 733 3624 νότιος,
749 3560 784 3614 τὸ
799 3559 906 3629 ἀφανὲς
921 3553 1049 3636 διορίζων
1065 3560 1185 3614 ἀπὸτοῦ
1201 3562 1384 3635 φαινομένου.

473 3648 554 3716 ότιό
573 3661 737 3739 ἰσημερινός
751 3661 857 3729 ταότην
877 3657 968 3738 ἔλαχε
987 3665 1041 3727 την
1060 3662 1233 3737 ἐπωνυμίαν,
1253 3657 1353 3731 ἐπειδη
1368 3664 1447 3742 πρὸς
1465 3670 1567 3720 πᾶσαν
1586 3664 1700 3729 οἰκησιν

433 3767 511 3837 με’νει
523 3765 697 3843 ἰσημερινός.
708 3767 772 3820 Τῶν
784 3759 815 3821 δὲ
828 3770 983 3843 τροπικῶν,
998 3767 1015 3821 ό
1028 3767 1082 3837 μὲν
1096 3769 1163 3838 ημῖν
1178 3766 1302 3842 θερινός
1316 3772 1376 3822 τοῖς
1391 3767 1523 3823 ἀντίποσι
1535 3770 1701 3843 χειμερινὸς

431 3872 553 3943 γίνεται·
568 3864 626 3926 ὁδε
636 3873 703 3942 ημῖν
714 3869 891 3946 χειμερινὸς,
904 3868 1025 3925 όκείνοις
1037 3867 1169 3946 θερινός.
1185 3871 1251 3925 Τοῖς
1265 3864 1296 3925 δὲ
1309 3871 1365 3926 ὑπὸ
1379 3875 1421 3945 τῷ
1435 3870 1592 3947 ἰσημερινῷ
1605 3869 1701 3925 οἰκοῦ-

431 3990 478 4027 σιν
491 3972 518 4027 οἰ
532 3967 581 4028 όόο
597 3973 728 4050 τροπικοί
740 3972 899 4050 χειμερινοί
914 3973 1119 4048 τυγχάνουσιν,
1139 3966 1240 4038 ἐπειδὴ
1256 3974 1417 4050 μακρότατα
1439 3969 1590 4045 ἀφίσίαται
1608 3972 1701 4027 αὐτῶν

431 4077 447 4129 ὁ
462 4070 551 4139 η’λιος.

1049 4272 1077 4330 9.

789 4394 851 4462 Περὶ
862 4391 1016 4460 οἰναγκλίτοιν
1029 4393 1069 4442 καί
1080 4394 1236 4458 κεκλιμένων
1249 4392 1338 4443 τόκων.

472 4550 524 4617 ἰίτι
540 4558 589 4617 όόο
606 4564 688 4618 τόποι
704 4563 779 4618 εἰσίν
794 4558 975 4636 ἀνέγκλιτον,
988 4564 1004 4617 ό
1019 4563 1075 4617 ὑπὸ
1089 4567 1130 4639 τῷ
1146 4562 1317 4639 ἰσημερινῷ,
1333 4560 1379 4616 καί
1397 4563 1413 4616 ό
1428 4561 1485 4616 ὑπό
1504 4567 1564 4616 τοῖς
1580 4556 1701 4617 πόλοις.

431 4667 465 4719 Οἱ
480 4661 510 4719 δέ
524 4660 620 4720 λοιποί
635 4665 746 4721 πάντες
761 4661 978 4740 ἐγκεκλιμένοι,
994 4665 1020 4720 οἰ
1037 4666 1089 4738 μὲν
1107 4665 1182 4741 πρὸς
1197 4663 1311 4742 όρκτον,
1325 4665 1352 4718 οἰ
1367 4659 1398 4719 δὲ
1410 4665 1488 4740 πρὸς
1507 4658 1699 4741 μεσημςρίαν.

463 4938 484 4982 5.
498 4925 624 4985 όξωνίσίἰ
640 4924 897 4996 οφαίραςειίόείαεοό.
911 4931 1023 4996 Τνοιιτρο
1098 4926 1189 4985 ὑφ’
1206 4927 1337 4997 ἰσημερίαν
1356 4920 1552 4994 cod--o‘ffl
1565 4924 1703 4992 γινόμενος

430 5012 472 5058 sui.
480 5001 488 5074 ἰί
496 5014 517 5058 8.
531 5005 645 5075 τροπικοί
655 4998 675 5054 Β
685 5000 893 5071 εοό.-ιίρκτικοί
904 4995 923 5052 Β
933 5009 982 5057 οοό.
991 5036 1023 5044 -
1100 5010 1187 5057 οοό.-
1196 5003 1323 5054 οἰνττίποσι
1335 5008 1385 5056 eod.
1394 5005 1475 5050 -τῶι
1488 5002 1633 5070 ἰσημερινῶι
1647 5008 1698 5062 cod⁴
