4282 6368
431 612 490 674 120
865 610 1067 673 APPENDIX
1090 610 1259 674 ALTERA.

428 762 506 838 πρὸς
517 761 570 824 τήν
580 752 661 814 δόσιν
672 751 718 822 δέ,
728 758 762 812 τό
772 757 914 813 ἐναντίον·
927 754 1003 814 ώσδε
1011 751 1076 813 οῦδὲ
1086 756 1222 835 ήμιώριόν
1232 753 1312 812 ἐσθιυ
1323 755 1462 834 ἀνθρώπῳ
1474 755 1571 812 ἐκεῖσε
1580 751 1697 834 βιῶναι·

374 862 408 915 25
429 862 508 939 έχεις
525 857 556 918 δέ
570 861 617 917 καί
637 858 719 933 όφεις
738 861 784 918 καί
803 855 900 916 ἀλλων
920 862 1037 939 θηρίων
1056 854 1229 916 παντοδαπὰ
1244 860 1317 935 γένη
1337 859 1531 937 ὑπάρχουσιν·
1552 855 1629 915 ἀλλά
1647 861 1700 916 καί

429 965 577 1044 ἅνθρωπος
591 964 617 1021 εί
632 959 747 1039 ἀμείήει
761 965 796 1020 τὸ
810 970 907 1040 τεῖχος
924 960 1049 1042 ῦπερθάς
1066 963 1209 1042 εῦθυωρόν
1226 963 1417 1029 ἀποθνήσκει,
1434 963 1469 1018 τὸ
1487 957 1627 1036 λοιμῶδες
1642 968 1698 1019 τοῦ

429 1071 512 1148 ἀέρος
527 1071 566 1143 μή
578 1068 689 1146 φέρων·
705 1068 752 1123 καί
765 1067 799 1122 ἐκ
811 1073 862 1123 τοῦ
874 1063 965 1123 ἀλλον
982 1069 1086 1146 μέρους
1102 1063 1195 1143 (λέγω
1205 1062 1240 1133 δή
1251 1073 1302 1123 τοῦ
1314 1061 1439 1143 δυτικοῦ)
1457 1065 1483 1122 εί
1493 1068 1604 1144 θηρίον
1616 1068 1699 1143 πρὸς

427 1174 478 1228 τὸν
493 1175 595 1250 ἕτερον
609 1177 707 1249 χώρου
723 1166 844 1226 ἀπέλθοι
859 1171 900 1227 είς
913 1172 965 1227 τόν
980 1169 1130 1249 εόκρατον,
1145 1165 1217 1249 παρ’
1233 1170 1303 1227 αότά
1318 1169 1503 1236 ἀποθνήσκει.

470 1266 598 1332 Ἐνταῦθα
610 1270 643 1331 δέ
659 1294 706 1349 μοι
720 1276 871 1353 γενομένῳ
882 1282 933 1342 τῆς
948 1272 1088 1354 ίσίορίας,
1096 1275 1258 1350 ἐπάναγκές
1272 1271 1323 1330 ἐπ’]
1326 1292 1334 1329 ι
1343 1270 1434 1350 λόγου
1446 1275 1523 1330 τινός
1535 1270 1697 1353 μυθολογίᾳ

373 1380 408 1433 30
428 1377 644 1455 ἐμφερεσίάτου
658 1377 881 1453 ἐπιμνησθῆναι,
902 1377 933 1434 ός
951 1372 985 1443 δή
1007 1396 1054 1452 μοι
1073 1377 1141 1433 οὔτε
1159 1375 1267 1435 πισίὸς
1284 1376 1474 1455 τοπαράπαν
1494 1371 1593 1440 ἐδοξεν
1607 1377 1697 1445 εἶναι,

427 1485 531 1562 καίπερ
549 1484 592 1538 ἀεί
613 1483 690 1560 πρός
707 1477 816 1559 ἀνδρῶν
832 1481 1028 1560 ἐκφερόμενος
1045 1481 1215 1560 ἀναρίθμων,
1233 1481 1261 1537 οί
1280 1475 1314 1547 δὴ
1326 1485 1384 1536 τών
1404 1481 1457 1554 μὲν
1476 1482 1698 1559 πρασσομένων

428 1587 596 1664 αὐτουργοί,
611 1591 668 1641 τών
685 1579 716 1640 δέ
732 1581 829 1660 λόγων
845 1586 978 1651 αὐτήκοοι
995 1581 1188 1663 ίσχυρίζονται
1202 1585 1371 1660 γεγονέναι·
1385 1584 1454 1640 οότε
1467 1587 1607 1662 παριτέος
1620 1602 1696 1640 παν-

427 1690 561 1755 τάπασιν,
576 1691 614 1746 ώς
629 1691 668 1763 μή
678 1689 714 1743 τά
728 1707 765 1764 γε
783 1690 855 1761 ἀμφι
870 1685 982 1765 Βριτδίρ
1000 1695 1037 1761 τῇ
1054 1690 1135 1766 ιήσῳ
1154 1687 1391 1763 ἀναγραφόμενος
1411 1686 1526 1763 ἀγνοίας
1544 1689 1620 1744 τινός
1636 1692 1697 1742 τῶν

427 1789 495 1864 τηδε
514 1790 729 1866 συμάαινόντων
748 1786 876 1857 διηνεκὲς
900 1791 1102 1866 ἀπενέγκωμαι
1122 1786 1216 1854 δόξαν.
1236 1792 1380 1866 Λέγουσιν
1402 1789 1453 1847 οόν
1477 1796 1528 1847 τας
1547 1795 1604 1845 τών
1624 1792 1698 1846 α’πο-

373 1898 407 1951 35
427 1894 564 1953 Ειοόντων
576 1892 835 1974 ἀνθρώπωνήυχάς
845 1896 876 1952 ἐς
885 1902 971 1952 τοῦτο
982 1897 1025 1952 ἀεί
1037 1890 1248 1968 διακομίζεσθαι
1258 1897 1291 1951 τό
1303 1897 1424 1974 χωρίον·
1436 1895 1531 1951 όντινα
1544 1889 1697 1973 δὲτρόπον

429 2002 526 2056 αὐτίκα
541 1996 679 2066 δηλώσω,
694 1994 906 2056 σπουδαιότατα
922 2000 975 2072 μέν
990 1995 1238 2075 ἀπαγγελλόντων
1249 2000 1379 2067 ἀκηκοώς
1394 1994 1541 2055 πολλάκις
1554 2004 1612 2054 τών
1625 1995 1696 2071 τῇδε

428 2104 593 2184 ἀνθρώπων,
602 2105 632 2160 ἐς
646 2098 901 2182 ὀνειρώδη[δέ]τινα
911 2098 1027 2176 δύναμιν
1035 2103 1240 2181 ἀποκεκρίσθαι
1255 2104 1411 2176 νενομικώς
1424 2103 1459 2158 τά
1472 2099 1695 2181 θρυλλοόμενα.

427 2209 507 2285 Παρὰ
530 2211 584 2273 τήν
607 2208 695 2273 ἀκτήν
716 2213 767 2262 τοῦ
793 2207 866 2262 κατά
888 2209 943 2272 τὴν
964 2203 1094 2284 Βριτδίαν
1117 2208 1244 2263 ὠκεανοῦ
1265 2213 1365 2274 νήσον,
1387 2207 1485 2280 κώμας
1507 2202 1697 2280 παμπληθεῖς

426 2312 575 2382 συμάαίνει
603 2310 688 2365 εἶναι·
712 2311 823 2366 οίκοῦσι
844 2304 875 2365 δέ
900 2310 985 2367 αῦτάς
1011 2309 1155 2387 ἄνθρωποι
1178 2310 1345 2389 ίχθυοθήραι
1364 2312 1411 2366 καί
1424 2312 1552 2389 γεωργοί
1576 2314 1623 2367 καί
1644 2310 1696 2384 έμ-

372 2414 408 2466 M)
426 2432 526 2489 ποροι,
542 2415 577 2468 τὰ
595 2415 649 2487 μὲν
666 2409 742 2468 ἀλλα
761 2415 907 2492 Φράγγων
919 2416 1070 2481 κατήκοοι,
1084 2414 1177 2492 φόρον
1190 2408 1221 2469 δέ
1236 2416 1275 2487 μή
1290 2410 1444 2470 τελοῦντες
1459 2409 1502 2469 διά
1515 2433 1577 2469 τινα
1590 2415 1696 2491 ὑπουρ-

426 2519 502 2592 γίαν,
514 2518 552 2572 ώς
572 2513 724 2591 λέγουσιν·
742 2514 803 2572 έσδι
824 2510 855 2572 δέ
875 2517 959 2582 αῦτη·
977 2512 1117 2592 λέγουσιν
1137 2517 1171 2572 ἐκ
1189 2523 1372 2593 περιτροπῆς
1389 2516 1549 2573 ἐπικεῖσθαι
1568 2518 1619 2573 τὰς
1637 2522 1697 2572 τῶν

427 2616 528 2693 ήυχών
539 2620 740 2698 παραπομπάς
754 2620 860 2675 αὐτοῖς·
878 2621 958 2675 όσοις
970 2617 1021 2674 οῦν
1035 2626 1071 2692 τη
1088 2620 1321 2694 ἐπιγενησομένη
1335 2622 1413 2676 νυκτί
1429 2621 1459 2676 ἐς
1472 2621 1506 2674 τό
1521 2614 1697 2694 ἐπιτήδευμα

426 2730 512 2779 τοῦτο
530 2731 567 2797 τῇ
585 2730 637 2788 τῆς
655 2725 812 2800 ὑπουργίας
832 2717 949 2798 διαδοχῇ
961 2723 1037 2777 ίτέον
1052 2720 1142 2786 ἐσδίν,
1158 2720 1252 2787 οὗτοι,
1265 2717 1382 2778 ἐπειδὰν
1394 2718 1576 2796 συσκοτάζη,
1590 2724 1631 2779 είς
1645 2724 1698 2779 τάς

426 2827 515 2883 οίκίας
523 2828 615 2882 αὐτῶν
623 2827 839 2904 ἀναχωροῦντες
849 2820 1034 2891 καθείιδονσι,
1044 2821 1281 2904 προσδεχόμενοι
1292 2829 1344 2881 τόν
1353 2829 1526 2902 συναγωγέα
1535 2832 1586 2881 τοῦ
1597 2828 1698 2904 πράγ-

371 2930 406 2983 ό5
427 2949 526 3003 ματος·
540 2937 576 3003 τῇ
592 2930 670 2987 νυκτί
686 2923 731 2994 δέ,
747 2934 805 2984 τῶν
822 2933 928 3005 θυρῶν
946 2929 1020 3004 αὐτῷ
1036 2929 1244 3007 ἀρασσομένων
1257 2927 1451 2984 αίσθανονται·
1467 2933 1564 3002 φωνής
1578 2923 1608 2984 δέ
1619 2948 1699 2987 τινος

427 3034 579 3090 ἀκούουσιν
595 3033 643 3088 ἐπί
657 3034 692 3087 τό
709 3031 797 3110 ἐργον
809 3033 910 3088 αὐτοὺς
921 3028 1140 3106 συγκαλοόσης·
1158 3032 1237 3086 αῦτοί
1252 3025 1284 3087 δέ
1299 3036 1356 3086 τών
1367 3029 1525 3110 σίρωμνῶν
1537 3032 1629 3087 αὐτῶν
1640 3033 1697 3087 ἀνι·

425 3134 562 3208 σίάμενοι
575 3136 622 3192 ἐπί
637 3136 688 3191 τόν
701 3131 833 3212 αίγιαλὸν
852 3129 1026 3211 βαδίζουσιν,
1042 3136 1095 3190 οῦκ
1110 3128 1219 3190 είδότες
1232 3136 1306 3190 ποία
1324 3136 1434 3211 ἀνάγκη
1449 3134 1552 3190 αὐτοὺς
1565 3136 1595 3191 ἐς
1608 3141 1698 3190 τοῦτο

427 3241 541 3315 ἀνάγει·
566 3240 643 3311 όμως
664 3233 889 3312 ἀναγκαζόμενοι
915 3237 1036 3293 ἐνταῦθα
1056 3238 1177 3294 ἀκάτους
1196 3239 1477 3314 παρεσκευασμένας
1501 3241 1589 3316 όρώσι
1611 3240 1699 3296 κενάς

427 3342 635 3418 ἀνθρώπων,οῦ
647 3341 698 3397 τός
711 3337 793 3407 ίδίας,
803 3337 867 3396 ἀλλ’
876 3343 976 3420 ἐτέρας
985 3341 1077 3406 τινός,
1085 3342 1117 3397 ἐν
1127 3339 1170 3399 αἶς
1182 3337 1366 3398 είσελθόντες
1374 3346 1547 3403 τώνκωπών
1560 3341 1697 3399 ἀπθονται

372 3449 406 3500 50
426 3451 472 3501 καί
488 3444 668 3501 αἰσθάνονται
684 3451 742 3501 τών
756 3441 872 3501 πλοίων
892 3441 1096 3523 βαρυνομένων
1115 3446 1149 3500 ἐκ
1163 3441 1297 3510 πλήθους
1314 3442 1468 3500 ἐπιθατών·
1486 3447 1571 3522 μέχρι
1586 3440 1618 3501 δέ
1636 3453 1699 3503 τῶν

427 3550 521 3625 ἄκρων
538 3553 595 3603 τών
614 3543 737 3604 σανιδων
756 3545 973 3626 βεέαπτισμένα
991 3545 1136 3626 βλέπουσι
1156 3551 1191 3604 τά
1206 3545 1299 3605 πλοῖα
1321 3543 1506 3606 ἀποδεουσών
1524 3555 1575 3604 τοῦ
1595 3543 1701 3606 όδατος

426 3655 497 3708 όσον
509 3647 649 3708 δάκτυλον
663 3654 726 3707 ἐνα·
743 3646 844 3708 οὐδένα
859 3646 889 3708 δέ
901 3655 1021 3731 όρώσιν·
1034 3654 1100 3726 μίαν
1112 3646 1143 3708 δέ
1159 3654 1235 3730 ώραν
1246 3655 1434 3731 ἐρέσσοντες,
1447 3653 1487 3709 είς
1498 3656 1551 3721 τήν
1566 3649 1700 3730 Βριτδίαν

426 3761 605 3834 καταίρουσι·
622 3758 713 3812 καίτοι
725 3758 807 3822 ήνέκα
822 3763 881 3814 ταῖς
893 3752 972 3813 ίδίαις
984 3757 1098 3813 ἀκάτοις
1111 3753 1269 3822 πλέουσιν,
1281 3760 1337 3834 οὐχ
1348 3755 1447 3815 ι’σδίοις
1458 3760 1603 3836 χρώμενοι
1619 3755 1699 3815 ἀλλὰ

425 3867 486 3918 ταῖς
497 3863 618 3926 κώπαις,
635 3861 676 3917 είς
690 3859 778 3915 νῦκτα
792 3861 838 3915 καὶ
854 3862 962 3939 ἡμέραν
976 3856 1335 3939 μόλιςδιαπορθμεόονται·
1349 3857 1600 3919 καταπλεύσαντες
1615 3858 1646 3918 δὲ
1659 3872 1701 3937 τῇ

371 3966 405 4018 55
426 3968 505 4040 νήσῳ
515 3959 774 4042 ἀποφορτιζόμενοι
791 3959 1045 4030 ἀπαλλάσσονται,
1057 3964 1089 4019 ἐν
1101 3969 1141 4040 τῷ
1153 3958 1231 4019 όδατι
1246 3959 1457 4038 καταδυομένον
1473 3960 1588 4022 οὐδενός
1603 3961 1700 4024 άλλου

426 4064 509 4132 πλὴν
527 4073 578 4132 τῆς
595 4061 740 4145 τρόπιδος·
758 4068 805 4122 καί
825 4067 905 4122 αῦτοί
926 4068 979 4139 μέν
998 4061 1099 4122 οὐδένα
1118 4066 1268 4144 ἄνθρωπον
1287 4069 1402 4144 ὁρῶσιν,
1423 4066 1490 4124 οῦτε
1506 4064 1702 4141 συμπλέοντα

426 4171 493 4225 οῦτε
503 4177 554 4234 τῆς
563 4172 632 4235 νηός
644 4165 922 4243 ἀπαλλασσόμενον·
936 4173 1034 4242 φωνῆς
1046 4164 1078 4225 δέ
1091 4168 1227 4226 ἀκοίιουσι
1237 4175 1298 4226 τοῖς
1310 4165 1534 4246 ὑποδεχομένοις
1546 4169 1702 4247 ἀπαγγελ-

426 4273 536 4340 λοὺσης
549 4277 627 4352 πρός
642 4271 734 4346 όνομα
748 4279 806 4329 τών
819 4270 1089 4347 συμπεπλευκότων
1104 4275 1200 4330 αὐτοῖς
1211 4271 1344 4339 ἐκασΊον,
1354 4276 1389 4330 τά
1399 4294 1431 4331 τε
1443 4269 1586 4348 ἀξιώματα
1596 4273 1703 4334 ἐπιλε-

426 4397 550 4452 γουσης,
565 4375 608 4433 οίς
621 4376 726 4454 πρώην
741 4377 887 4455 ἐχρῶντο,
900 4377 946 4432 καί
960 4376 1109 4455 πατρόθεν
1125 4377 1225 4434 αὐτοὺς
1243 4373 1454 4444 ἀνακαλοόσης·
1476 4378 1511 4444 ήν
1530 4372 1562 4432 δὲ
1581 4380 1628 4433 καί
1644 4398 1702 4454 γυ·
1798 4448 1805 4453 1

371 4481 406 4533 όθ
426 4487 522 4537 ναῖκες
535 4477 761 4553 συμπλεύσωσι,
776 4485 833 4534 τῶν
847 4474 955 4557 ἀνδρῶν
970 4477 1229 4552 ἀποσίοματίζουσι
1240 4482 1276 4535 τὰ
1291 4481 1416 4554 ὀνόματα
1428 4479 1471 4537 οίς
1483 4477 1678 4538 συνεέίωσαν.

461 4667 498 4713 τίι.
507 4655 632 4728 ἀνθρώπων
641 4664 690 4710 οοό.
697 4674 705 4724 2
712 4657 785 4726 ογ.έκ
796 4661 844 4706 τῶν
852 4654 929 4705 ἄλλον
939 4664 1020 4715 οοόοιι,
1098 4656 1165 4707 ίτέυν
1173 4665 1267 4712 mutavi.
1274 4655 1327 4728 ήίιί,
1336 4655 1485 4730 αθτώνοοάήί
1492 4666 1530 4712 όό.
1538 4664 1575 4711 τῆι
1584 4656 1651 4732 εοάήή
1658 4668 1704 4717 δώ.

426 4740 466 4787 ubi
477 4739 524 4783 τῶν
535 4740 558 4786 in
568 4738 612 4781 τοῦ
622 4729 730 4802 ιπιιιυνίήή
740 4740 777 4786 33.
787 4728 974 4801 ἀμφιέριτίανία
984 4738 1021 4785 τήι
1097 4733 1174 4783 αάτών
1185 4739 1235 4786 cod.
1246 4728 1249 4801 ή
1266 4743 1304 4788 51.
1314 4733 1362 4783 ἀπὸ
1372 4729 1400 4784 δέ
1410 4734 1492 4784 ου’σώυ
1502 4739 1550 4786 οοό.
1561 4728 1571 4802 n
1586 4741 1626 4788 53.
1638 4736 1703 4806 σῦχ’

427 4811 502 4864 νήσωι
515 4805 624 4877 musa.
637 4803 704 4861 τῆιδε
715 4803 941 4870 οοό.-διηνεγκές
954 4803 1018 4877 mu
1097 4807 1183 4858 ι’σ7ίοις
1193 4815 1242 4862 eod.
1260 4805 1262 4877 ό
1273 4817 1357 4864 bin-55.
1368 4815 1406 4858 τῆι
1419 4810 1494 4865 νήσωι
1505 4816 1555 4863 οοό.
1566 4804 1575 4879 ss
1586 4816 1626 4863 55.
1638 4811 1706 4861 ἀπα-

427 4894 465 4953 37,
475 4885 579 4953 ὁνειρων
589 4878 745 4951 δήτιναοιιόήή
753 4882 964 4952 ῦπῦιῦποργίαν
972 4890 1022 4936 cod,
1098 4881 1233 4933 λάσσονται
1245 4884 1273 4933 ἐν
1286 4889 1326 4934 τώι
1337 4890 1386 4938 cod.
1396 4880 1406 4955 n
1418 4892 1456 4939 56.
1467 4882 1511 4934 ἀνθ
1539 4883 1600 4932 ’πων
1611 4891 1705 4949 codex,

429 4957 438 5027 ή
450 4967 531 5012 ama.
544 4964 581 5011 vsu
593 4956 802 5022 ἐπίγενυσθμὲνπι
816 4977 837 5007 v·
850 4958 871 5006 ἕ·
883 4976 904 5006 τ·
916 4958 937 5006 ἕ.
951 4976 972 5006 τ.
983 4964 1021 5012 τήι
1097 4981 1149 5026 quae
1160 4965 1226 5012 lectio
1237 4966 1306 5013 etiam
1320 4966 1410 5013 defendi
1423 4971 1503 5028 potest
1519 4954 1572 5028 ήῦγ.
1585 4956 1706 5012 ἀπαλασ-

425 5028 534 5101 ιοόόήίιΒ,
545 5029 658 5100 ἀιαδοχῆι
670 5031 754 5083 ι’σίέον
763 5039 839 5094 codex,
852 5038 892 5085 ubi
903 5031 989 5082 ίσίέον
997 5041 1020 5086 in
1098 5033 1208 5097 νόμενον
1221 5041 1270 5087 οοό.
1281 5031 1290 5103 ll
1302 5044 1382 5103 57-58.
1395 5033 1606 5101 ἀπαγγέλλουσαν
1620 5041 1675 5088 cod.
