4282 6368
592 547 889 613 uouttuttmzlo
913 547 1281 612 ratuooutrfflcn.
1514 576 1563 615 mv
1649 581 1664 610 ι

298 694 485 796 Stephanus
500 693 688 794 Byzantius,
700 691 761 764 sub
775 690 870 765 verbo
883 695 1102 790 Χρυσόπολις,
1117 692 1183 764 ait:
1200 696 1417 790 Χρυσόπολις,
1431 705 1464 767 ἐν
1473 700 1564 769 Βιθυ-

296 822 364 911 νίᾳ,
383 820 528 896 πλησίον
549 813 749 893 Χαλκηδόνος
766 819 821 886 τόν
836 815 997 885 ἀνοίπλουν
1019 820 1153 886 πλέοντι
1172 823 1207 886 ἀν
1224 810 1327 906 tetre.
1345 872 1354 888 .
1371 871 1379 888 .
1399 820 1565 890 Διονόσιος

296 938 327 1009 ἀ*
342 948 359 1011 ὁ
376 939 561 1025 Βυζάντιος,
578 942 634 1008 τὸν
649 939 809 1007 ἀνάπλουν
826 943 882 1007 τοῦ
899 937 1067 1032 Βοσπόρου
1086 939 1232 1034 γράφων,
1248 941 1328 1036 περὶ
1344 947 1400 1010 τοῦ
1415 941 1565 1028 ὀνόματος

297 1069 392 1135 αὐτοῦ
408 1061 481 1134 τάἀε
498 1063 585 1153 φησί
592 1085 601 1105 ·
619 1062 779 1137 Κόκληται
796 1056 830 1129 ἀὲ
845 1059 1064 1155 Χρυσόπολις,
1079 1066 1121 1131 ὡς
1137 1061 1195 1147 μὲν
1212 1063 1294 1130 ἔνιοί
1308 1069 1421 1152 φασιν,
1439 1065 1491 1132 ἐπὶ
1510 1074 1564 1140 τῆς

297 1187 431 1283 Περσῶν
448 1185 616 1274 ἡγεμονίας
633 1182 764 1252 ἐνταῦθα
778 1186 976 1269 ποιουμένων
993 1189 1049 1252 τοῦ
1066 1183 1261 1276 προσιόντος
1275 1185 1338 1251 ἀπὸ
1356 1189 1418 1252 τῶυ
1435 1187 1564 1254 πόλεων

297 1315 419 1403 χρυσοῦ
435 1310 491 1377 τόν
508 1306 701 1401 ἀθροισμόν·
719 1310 748 1374 ot
766 1301 799 1372 ἀὲ
814 1303 947 1373 πλείους
965 1306 1029 1373 ἀπὸ
1043 1304 1170 1400 Χρύσου
1190 1301 1304 1376 παιδὸς
1318 1303 1496 1402 Χρυσηΐδος
1511 1312 1563 1376 κοιλ

296 1411 531 1518 Ᾰγαμέμνονος.
552 1468 604 1479 -
621 1422 756 1507 suidas,
775 1422 836 1495 sub
857 1422 962 1495 verbis
979 1426 1146 1496 Διονύσιος
1162 1422 1345 1514 Βυζάντιος,
1366 1426 1435 1498 ait:
1455 1431 1565 1499 Διονύ-

296 1579 365 1622 σιος
379 1547 548 1633 Βυζάντιος
564 1549 724 1619 ἐποποιός.
743 1548 941 1641 Περιιίγησιν
959 1554 1014 1617 τοῦ
1031 1555 1065 1617 ἐν
1081 1557 1126 1639 τῷ
1142 1548 1300 1644 Βοσπόρῳ
1315 1551 1467 1619 ἀνόπλου.
1484 1551 1562 1646 Περὶ

296 1675 452 1770 θρόνων·
468 1670 536 1741 ἔσόι
554 1665 587 1739 ἀὲ
604 1670 730 1756 ποίημα
752 1670 867 1756 μεσόόν
887 1664 1081 1745 ἐπικοάεόων.
1100 1711 1152 1722 -
1171 1666 1314 1741 Budocia
1335 1668 1563 1742 biacremboli-

296 1793 372 1864 tissa
384 1792 419 1863 in
433 1818 531 1890 opere
549 1788 638 1891 quod
654 1788 841 1860 inscribitur
857 1775 954 1860 Ῐωνιά
972 1814 1029 1861 seu
1054 1787 1230 1874 Victoriam,
1248 1789 1402 1890 quodque
1421 1792 1564 1864 contine-

296 1925 350 1984 tur
368 1913 401 1985 in
426 1912 535 1985 codice
560 1901 637 1983 oliin
661 1909 849 1982 Colbertino
874 1911 945 2010 apli
968 1923 1079 2011 postea
1098 1910 1198 2009 Regio
1220 1913 1316 2013 3057
1342 1940 1438 2013 quem
1462 1913 1563 1986 edidit

297 2035 344 2106 vir
360 2035 557 2108 clarissimus
573 2032 704 2105 d’Ansse
721 2031 762 2104 de
780 2032 936 2104 Vilioison
947 2030 988 2117 (¹),
1008 2047 1151 2105 recenset
1168 2032 1357 2134 Dionysium
1375 2034 1563 2133 Byzantium

296 2157 382 2231 iuter
399 2171 510 2259 poetas
527 2156 614 2228 hisce
629 2154 755 2227 verbis:
775 2155 942 2227 Διονόσιος
955 2154 1124 2240 Βυζάντιος
1135 2158 1302 2230 ἐποποιός·
1317 2158 1439 2255 ἔγραψε
1448 2164 1564 2256 περιοί-

296 2310 395 2372 γησιν
409 2286 510 2354 sotto
523 2287 567 2370 τῷ
579 2279 738 2376 Βοσπόρῳ
750 2281 891 2348 ἀνόπλου
902 2303 910 2321 ·
923 2278 1001 2376 περὶ
1012 2283 1167 2377 θρόνων·
1183 2282 1250 2350 tota
1263 2275 1297 2350 ἀὲ
1308 2283 1434 2368 ποίημα
1448 2284 1563 2369 μεσΊὸν

295 2401 491 2483 ἐπικυάεόων.

348 2523 384 2596 Si
402 2523 475 2625 quis
493 2524 561 2596 haec
584 2523 644 2595 tria
668 2522 853 2596 testimonia
874 2521 1062 2607 contulerit,
1086 2520 1176 2596 facile
1201 2521 1431 2597 animadvertet
1453 2524 1562 2597 Suidae

297 2661 394 2747 atque
414 2645 564 2717 Eudociae
587 2642 808 2716 testimonium
835 2669 872 2716 ex
895 2670 960 2716 uno
984 2643 1165 2744 eodemque
1190 2645 1279 2717 sonte
1303 2644 1447 2730 fluxisse,
1466 2660 1563 2747 atque

296 2766 383 2840 inter
399 2793 432 2840 se
452 2766 643 2840 consentire.
662 2763 790 2838 Etenim
808 2765 895 2867 apud
916 2778 1091 2866 utrumque
1107 2765 1279 2866 Dionysius
1296 2766 1413 2869 Anapli
1429 2769 1564 2870 scriptor

297 2916 371 2962 cum
397 2889 496 2962 altero
523 2887 676 2988 Dionysio
703 2900 832 2961 auctore
863 2887 1069 2988 Periegeseos
1093 2887 1225 2989 poeticae
1251 2888 1475 2976 confunditur,
1502 2889 1562 2964 nisi

296 3011 379 3084 torte
397 3037 482 3084 unus
497 3023 528 3083 et
543 3009 630 3082 idem
648 3008 820 3110 Dionysius
839 3007 1009 3110 Byzantius
1025 3009 1187 3111 scripserit
1204 3010 1290 3082 orbis
1308 3011 1435 3111 antiqui
1454 3012 1564 3085 Perie-

297 3133 388 3232 gesin
410 3132 553 3205 versibus
576 3131 674 3231 epicis
697 3146 729 3204 et
750 3130 911 3233 Anaplum
940 3119 1149 3233 Bosporicum
1174 3159 1268 3232 prosa
1287 3133 1442 3207 oratione.
1467 3133 1563 3219 Ouod

296 3282 370 3328 zero
389 3254 505 3327 attinet
526 3253 567 3325 ad
592 3266 742 3353 poemata
764 3258 842 3351 σερλ
866 3259 1003 3353 θρόνων
1025 3280 1096 3353 quae
1120 3254 1222 3326 abiis
1248 3281 1312 3327 una
1340 3282 1414 3328 cum
1438 3256 1562 3356 Anaplo

296 3391 528 3461 memorantur,
544 3402 583 3448 ea
598 3373 748 3446 ridentur
767 3374 807 3445 ad
822 3374 922 3447 alium
941 3387 1104 3448 auctorem
1123 3375 1308 3460 referenda,
1325 3375 1446 3477 quippe
1463 3404 1562 3477 quum

297 3511 382 3571 totus
399 3498 454 3570 ille
472 3498 512 3570 de
529 3497 621 3570 variis
638 3495 799 3596 Dionysiis
818 3496 905 3596 apud
924 3497 1060 3570 Suidam
1082 3511 1113 3568 et
1131 3496 1308 3569 Budociam
1331 3497 1420 3569 locus
1437 3525 1561 3570 summa

296 3619 539 3723 perturbatione
556 3618 692 3692 laboret.
712 3618 945 3691 Testimonium
963 3646 1036 3691 vero
1052 3616 1209 3718 Stephani
1228 3617 1387 3718 Byzantii,
1407 3646 1425 3692 a
1445 3647 1564 3720 preecc-

297 3740 449 3814 dentibus
471 3740 649 3824 diversum,
671 3752 755 3812 certe
776 3739 817 3811 ad
839 3738 1029 3838 Dionysium
1048 3752 1195 3811 nostrum
1218 3753 1356 3840 spectat,
1375 3754 1406 3812 et
1429 3741 1563 3842 Bospori

296 3861 460 3963 dnaplum
479 3861 597 3934 diserte
614 3859 742 3945 laudat,
764 3873 861 3960 atque
881 3859 976 3932 etiarn
999 3859 1107 3932 locum
1126 3860 1223 3932 refert
1245 3887 1309 3962 quo
1328 3860 1405 3932 urbs
1425 3861 1564 3961 Chryso-

297 3984 381 4084 polis
398 3984 594 4055 nominatur.
612 3983 717 4067 Ouem
732 3981 771 4054 de
785 3980 865 4054 urbe
880 3981 1069 4082 Chrysopoli
1087 3981 1194 4054 locum
1210 4009 1297 4055 nunc
1310 3982 1455 4055 videmus
1468 3984 1563 4056 verbo

297 4122 391 4181 tenus
418 4134 455 4180 ex
483 4104 552 4207 ipso
581 4104 705 4205 Anaplo
734 4104 929 4206 descriptum
956 4104 1070 4188 fuisse,
1100 4118 1227 4205 excepta
1254 4105 1363 4207 aliqua
1388 4106 1563 4180 lectionum

296 4224 498 4303 varietatem.
512 4227 596 4299 tltud
607 4227 675 4326 jam
692 4225 806 4299 Gillius
821 4226 898 4299 olim
917 4225 1097 4328 suspicatus
1111 4240 1193 4312 erat,
1210 4227 1266 4329 qui
1279 4227 1313 4299 in
1330 4227 1411 4300 libro
1427 4228 1472 4301 De
1486 4229 1563 4302 Boa-

291 4380 367 4454 poro
388 4351 510 4423 Thracio
526 4350 620 4423 tertio
632 4347 659 4401 (³³
675 4362 846 4450 postquam
864 4349 971 4422 locum
991 4350 1031 4422 de
1051 4350 1131 4423 urbe
1149 4350 1338 4451 Chrysopoli
1357 4377 1392 4422 ex
1411 4350 1563 4453 Dionysio

295 4474 395 4548 latine
418 4472 527 4557 vertit,
551 4471 656 4573 pergit
678 4472 712 4543 in
734 4472 822 4543 hunc
846 4471 1004 4544 modurn:
1026 4471 1095 4543 «Er
1113 4471 1164 4544 his
1184 4471 1329 4572 Dionysii
1348 4471 1451 4546 verbis
1471 4474 1563 4547 facilc

297 4596 525 4696 «assequimur
547 4593 681 4695 Bospori
703 4591 864 4692 Anapium
885 4620 953 4666 esse
972 4593 1117 4693 Dionysii
1134 4591 1221 4665 illius
1241 4593 1384 4693 Byzantii
1407 4595 1565 4696 antiquis·

297 4715 395 4790 ssimi
415 4717 578 4817 scriptoris
588 4768 699 4789 .....
722 4714 800 4785 Nam
824 4713 1009 4816 Stephanus
1033 4714 1186 4815 antiquus
1206 4713 1336 4787 urbium
1354 4715 1490 4815 scriptor
1510 4742 1563 4787 su·

334 4909 361 4952 (¹²
382 4909 501 4965 doacdota
513 4908 610 4971 Gracc,
624 4916 642 4963 t.
656 4911 680 4974 Ι,
693 4929 717 4983 ρ.
731 4910 793 4965 132.
803 4941 841 4952 -
853 4909 891 4965 Gi.
1004 4905 1030 4950 Β)
1050 4909 1109 4964 Vide
1121 4908 1199 4974 intra,
1210 4928 1266 4984 pag.
1278 4858 1327 4975 33..
1339 4910 1356 4964 Ι.
1368 4928 1393 4982 9.

298 4993 890 5068 codicemParisinumgraecum,n03057‚f.176.
1004 4992 1029 5036 (³³
1050 4993 1183 5068 Edprinc.
1194 5012 1249 5068 pag.
1263 4994 1325 5049 236.
