4282 6368
588 782 1088 912 ΔΙΟΝΥΣΙΟΥ
1128 787 1653 913 ΒΥΖΑΝΤΙΟΥ

797 1084 1095 1161 ΑΝΑΠΛΟΥΣ
1129 1088 1440 1163 ΒΟΣΠΟΡΟΥ.

972 1329 1268 1360 ,ψ

542 1552 565 1621 Ι.
593 1557 636 1623 Εί
653 1555 750 1640 μόνην
768 1555 930 1623 σννέςαινε
947 1563 1012 1625 τοῖς
1027 1559 1239 1624 ἀναπλέουσιν
1257 1562 1301 1624 εἰς
1316 1558 1371 1624 τόν
1389 1549 1537 1633 Εὔξεινον
1556 1557 1677 1626 πόντον
1694 1558 1746 1625 καλ

488 1677 525 1743 τὸ
545 1675 735 1763 καλούμενον
753 1681 846 1747 αὐτοῦ
858 1678 968 1763 Στόμα
986 1681 1122 1772 τερπνὴν
1138 1680 1200 1763 ἀμα
1216 1679 1266 1744 καὶ
1286 1680 1477 1764 θαυμασίην
1490 1678 1567 1745 είναι
1586 1681 1644 1753 τὴν
1660 1678 1746 1762 ὄψιν,

488 1793 642 1892 δυσχερὴς
664 1800 702 1873 ἦν
724 1802 825 1868 ἄλλως
843 1801 895 1867 ἐπὶ
912 1807 978 1869 τοῖς
1000 1803 1165 1893 ὁρωμένοις
1184 1803 1200 1865 ό
1219 1800 1330 1888 λόγος·
1349 1800 1543 1894 ἀπείργασίο
1567 1800 1630 1895 γάρ
1653 1796 1689 1875 ὃν)
1710 1803 1746 1868 τό

488 1917 614 2003 σύμπαν
627 1923 687 1989 ν’πὸ
703 1930 757 1997 τῆς
770 1921 885 2005 ὄψεως,
899 1914 1145 2007 ἀξιοθαύμασίον
1158 1924 1268 1996 ἑαντὴν
1282 1924 1504 2015 παρεχομένης
1515 1923 1598 1989 κατά
1607 1949 1642 1990 τε
1653 1923 1747 2010 ἐγγί-

452 2059 467 2111 5
488 2069 566 2117 τητα
580 2044 632 2108 καὶ
648 2042 861 2137 σίενοχωρίαν
874 2050 929 2111 τοῦ
942 2043 1090 2138 πορθμοῦ
1100 2045 1151 2110 καὶ
1167 2046 1223 2117 τὴν
1241 2039 1280 2109 δι’
1291 2045 1399 2132 ὀλίγον
1417 2051 1472 2118 τῆς
1486 2044 1651 2119 &aieirins
1662 2046 1747 2137 πρὸς

487 2167 667 2257 ἀμφοτέραν
687 2166 744 2238 τὴν
769 2167 898 2258 ἤπειρον
918 2158 1076 2251 ἐπιμιξίαν
1102 2158 1188 2261 [καὶ]
1212 2164 1370 2253 ἐγγυέαόῆ
1391 2164 1517 2232 κόλπων
1536 2167 1588 2232 καλ
1613 2168 1746 2250 λιμένων

425 2279 432 2292 ’
487 2285 659 2373 ἀνάχνσιν·
681 2290 732 2372 ἀφ’
743 2287 785 2353 ὧν
809 2290 869 2377 οὐχ
885 2287 976 2360 daton
993 2286 1119 2380 εὔθηρός
1136 2286 1221 2353 έσίιν
1241 2289 1258 2360 ἢ
1276 2289 1438 2359 σκεπανη·
1459 2287 1511 2354 καὶ
1526 2293 1582 2355 τοῦ
1597 2285 1747 2382 ῥεύματος

487 2407 523 2472 τὸ
542 2408 598 2490 μέν
620 2410 724 2475 πλέον
747 2408 929 2491 κατιόντος,
948 2410 1014 2476 ἔσΊι
1037 2403 1071 2475 ἀὲ
1091 2408 1143 2475 dre
1167 2416 1235 2475 κατ’
1253 2409 1452 2502 έπικράτειαν
1474 2409 1742 2502 ἀνασίρέφοντος·

487 2528 651 2595 εἰσιόντων
671 2555 705 2596 τε
723 2537 785 2597 τῶν
803 2530 1005 2624 ἀκρωτηρίων
1022 2532 1078 2604 τὴν
1096 2532 1305 2625 περιαγωγὴν
1327 2538 1408 2625 παρ’
1419 2532 1565 2605 ἀλληλων
1587 2531 1746 2598 ἀναπίνο-

435 2665 467 2718 10
487 2652 627 2734 σομένων
639 2702 649 2733 ,
673 2653 726 2718 καὶ
749 2658 784 2719 έκ
807 2660 862 2726 τῆς
883 2660 952 2719 κατ’
968 2651 1036 2720 εὐθὺ
1061 2652 1193 2746 πορείας
1217 2653 1412 2720 ἀναλνόντων
1434 2658 1489 2720 τοῦ
1515 2650 1664 2746 ῥεύματος
1688 2654 1744 2727 τὴν

487 2770 572 2852 βίαν.
590 2753 671 2838 Επεὶ
687 2768 720 2840 ἀὲ
736 2776 790 2840 οὐκ
805 2773 922 2841 casata
939 2775 1117 2868 παρέχεται
1136 2783 1190 2850 τῆς
1208 2773 1308 2857 ὄψεως
1322 2777 1379 2848 τὴν
1396 2773 1560 2868 ἀκρόασιν,
1574 2781 1745 2863 ἀναγκαῖον

527 2946 549 2980 ι.
564 2926 694 2980 σννέέαναι
706 2929 734 2981 Ε.
750 2926 759 3002 ΙΙ
775 2929 799 2981 ό.
812 2929 885 2991 κατά,
901 2949 929 2981 τε
948 2931 976 2984 Α.
988 2948 1016 2982 τε
1028 2947 1077 2982 om.
1153 2929 1265 2984 ABCDE.
1281 2928 1290 3002 Η
1306 2929 1330 2982 8.
1351 2930 1479 2997 ματιόντος
1498 2930 1526 2983 Β.
1542 2927 1551 3002 ii
1569 2947 1610 2984 ιο.
1630 2932 1683 2981 κατ’
1703 2933 1744 2981 ed-

488 3010 514 3062 B.
529 3008 539 3081 {i
554 3010 579 3061 6.
602 3015 641 3062 καί
663 3030 713 3064 om.
731 3013 842 3067 ABCDE.
858 3011 867 3086 Η
883 3031 907 3083 7.
932 3018 947 3071 ἡ
967 3012 1079 3069 σκεπάνη
1153 3011 1269 3084 θνπορίας
1286 3013 1396 3068 ABCDE.
1411 3011 1421 3085 ii
1439 3032 1480 3066 ιι.
1496 3014 1626 3085 ταρίχεται
1637 3014 1706 3068 CDE.

653 3309 1078 3426 DIONYSII
1149 3312 1582 3424 ΒΥΖΑΝΤΙΙ

770 3546 859 3616 PER
891 3544 1161 3620 BOSPORUM
1191 3546 1463 3619 NAVIGATIO.

965 3755 1261 3787 ψ

527 3945 546 4007 Ι.
569 3943 598 4005 Si
614 3942 681 4005 iorte
699 3942 819 4004 eveniret
835 3952 867 4004 ut
878 3943 911 4003 iis
925 3941 975 4026 qui
992 3940 1158 4024 adnavigant
1174 3962 1266 4002 vorsrss
1281 3940 1398 4002 Pontum
1413 3940 1548 4003 Euxinum
1565 3952 1592 4002 et
1606 3943 1679 4027 quod
1693 3965 1742 4027 ap-

484 4049 600 4131 pellatur
618 4046 656 4108 Os
671 4047 729 4130 ejus
750 4045 825 4108 nulia
840 4054 911 4107 esset
924 4045 977 4106 nisi
996 4044 1138 4105 oculorum
1158 4053 1217 4104 tum
1237 4043 1361 4126 voluptas
1378 4054 1437 4105 tum
1455 4044 1613 4115 admiratio,
1629 4045 1741 4107 molesta

482 4151 595 4236 quidem
611 4151 699 4212 forent
714 4160 745 4211 ut
758 4150 787 4210 in
801 4149 929 4232 spectatis
944 4147 1025 4208 rebus
1040 4146 1137 4218 verbm
1152 4169 1223 4229 olaus
1238 4147 1312 4208 enim
1330 4156 1418 4208 totum
1433 4148 1611 4209 conficeretur
1625 4149 1739 4211 visione.

482 4253 672 4316 admirabilem
685 4253 860 4336 semetipsam
873 4251 1025 4335 proeliante,
1041 4259 1099 4311 tum
1115 4259 1227 4333 propter
1237 4250 1401 4311 vicinitatem
1418 4261 1501 4335 atque
1513 4251 1653 4335 angustias
1665 4252 1740 4315 freti.

446 4366 462 4417 5
483 4367 541 4418 tum
562 4366 674 4440 propter
691 4377 766 4416 mare
784 4355 859 4416 brevi
879 4354 1020 4415 intervallo
1035 4352 1104 4414 daras
1123 4354 1292 4415 continentes
1314 4352 1433 4424 alluens,
1449 4364 1476 4415 ot
1495 4355 1571 4415 sinus
1590 4364 1741 4440 portusque
1859 4369 1868 4385 ·

482 4460 573 4521 statim
585 4460 619 4519 als
630 4460 720 4521 littore
732 4457 884 4542 profundos
894 4455 1054 4517 infundens:
1069 4456 1142 4517 unde
1155 4478 1210 4517 non
1223 4457 1314 4517 minus
1327 4455 1447 4539 piscibus
1458 4457 1588 4518 venandis
1601 4479 1685 4541 quam
1698 4469 1740 4520 tn·

483 4560 571 4621 tondis
586 4559 701 4621 navibus
719 4562 751 4620 sit
770 4569 880 4643 aptum;
896 4579 984 4641 (luam
999 4558 1081 4619 etiam
1099 4558 1188 4618 ssuxass
1205 4559 1369 4641 plerumque
1383 4556 1494 4641 quidem
1512 4569 1584 4620 recta
1598 4558 1738 4622 decurrat.

482 4661 619 4724 interdum
637 4684 701 4724 vero
721 4661 822 4723 violens
841 4670 914 4722 retro
935 4659 1026 4731 cedat,
1048 4681 1191 4744 quamque
1212 4661 1374 4721 immineam
1396 4662 1584 4743 promontoria
1599 4661 1740 4745 parallelas

481 4767 613 4850 utrinque
627 4775 787 4827 curvaturas
804 4763 984 4847 expandentia
999 4773 1025 4825 et
1039 4762 1202 4825 declinatam
1220 4786 1235 4824 a
1251 4775 1323 4825 recto
1341 4785 1424 4825 cursu
1439 4766 1572 4826 fluctuum
1587 4766 1642 4827 vim
1657 4767 1740 4828 resol-

430 4881 461 4934 10
482 4870 580 4930 ventia.
592 4868 645 4930 Sed
656 4869 788 4953 quoniam
803 4867 878 4929 haud
894 4867 1048 4929 inferiorem
1060 4866 1164 4950 prabet
1176 4867 1343 4928 auditionem
1358 4868 1473 4939 visione,
1486 4870 1669 4930 rrecessarium
1681 4892 1738 4930 esse

518 5013 571 5065 Tar.
586 5009 693 5081 Dionysii
706 5009 819 5081 inopius.
832 5007 972 5081 Bosporicsss
983 5007 1089 5082 Anapias
1097 5008 1143 5063 (ib.
1159 5007 1257 5080 Bospori
1266 5009 1475 5081 eircumnom'gotio
1488 5012 1530 5065 Gr.
