4282 6368
660 621 734 683 PER
757 621 978 683 ROSPORUM
1002 621 1227 683 lVdVlGd'llO.
1536 622 1575 684 25

356 760 409 821 LX.
433 761 515 822 Sinus
527 761 561 821 ab
577 762 681 822 oriente
692 762 805 823 interius
820 761 920 823 recedit
932 761 1085 845 probandus
1097 770 1124 823 et
1138 763 1202 823 satis
1214 783 1311 846 capax,
1326 764 1400 823 brevi
1415 765 1577 825 continentis

312 862 425 924 circuitu
441 863 594 925 conclusus.
611 864 640 924 ln
656 864 778 925 medium
794 865 885 925 sinum
901 864 1041 926 descendit
1054 869 1229 946 χειμάρρους
1247 865 1284 948 [is
1299 867 1425 927 astricus
1439 865 1576 948 liberam]

311 987 374 1026 narn
390 988 497 1027 summa
516 976 608 1028 aestate
622 967 722 1027 delicit.
740 966 770 1027 ln
790 967 842 1028 hoc
854 968 916 1027 sinu
931 976 972 1027 est
986 967 1081 1028 Portus
1093 967 1232 1028 Mulierum
1247 968 1530 1038 nominatissimus
1545 991 1577 1030 eo

311 1067 386 1152 quod
396 1070 464 1130 nihil
479 1069 627 1131 offenditur
638 1091 727 1153 neque
743 1093 756 1129 a
773 1071 841 1130 mari
855 1092 944 1154 neque
956 1092 971 1130 a
986 1069 1134 1131 continenti
1149 1074 1218 1150 (non
1233 1071 1307 1131 enim
1319 1073 1409 1131 minus
1421 1093 1436 1130 a
1449 1072 1577 1133 Iluctibus

275 1178 290 1229 5
311 1171 394 1231 maris
409 1181 484 1233 tutus
500 1181 540 1232 est
552 1194 636 1256 quam
653 1196 668 1232 a
682 1173 887 1234 vehementibus
903 1174 989 1235 ventis
1001 1183 1071 1234 terra
1088 1176 1253 1256 protectus),
1270 1175 1326 1234 sive
1338 1195 1370 1233 ex
1382 1195 1414 1234 eo
1428 1175 1464 1233 ita
1480 1174 1575 1257 appel-

311 1274 381 1335 latus
396 1284 437 1336 est
452 1274 543 1358 quod,
558 1273 718 1336 absentibus
733 1275 811 1346 viris,
830 1296 960 1357 magnam
975 1275 1176 1337 multitudinem
1191 1276 1306 1359 piscium
1324 1275 1397 1335 bunc
1411 1286 1520 1359 portum
1534 1277 1577 1336 in-

195 1378 197 1384 '
310 1398 432 1460 gressum
448 1379 579 1440 mulieres
594 1390 733 1461 ceperunt.
1435 1449 1438 1455 ,

352 1480 419 1541 LXl.
443 1480 556 1543 Portum
574 1481 718 1543 Mulierum
741 1483 870 1543 corrtInuo
891 1482 1068 1566 subsequitur
1088 1484 1161 1542 locus
1184 1481 1357 1562 Κυπάρωδης
1374 1492 1575 1564 mmcupatusa

309 1605 438 1666 cypresso
451 1584 557 1646 arbore.

257 1693 290 1746 10
353 1685 432 1747 LXll.
455 1685 521 1748 Post
536 1686 723 1770 Cyparodem.
739 1735 744 1747 .
760 1734 764 1744 .
780 1689 913 1769 ‚ternplum
929 1688 1033 1748 Hecatae
1048 1709 1131 1771 super·
1146 1699 1251 1771 petram
1267 1709 1342 1771 quae,
1359 1707 1468 1747 accessu
1481 1697 1576 1748 venta-

309 1810 385 1858 rum,
403 1789 532 1850 ductibus
550 1811 676 1873 perclusa
695 1790 772 1852 valde
791 1802 913 1860 resonat;
929 1790 1031 1852 circum
1047 1791 1120 1852 eninr
1137 1792 1224 1874 ipsam
1240 1792 1339 1851 ductus
1358 1790 1506 1851 concitatus
1520 1789 1575 1850 dil-

310 1889 439 1974 fringitur
455 1916 461 1952 :
479 1892 537 1953 haec
558 1913 621 1953 vero
641 1893 820 1975 quantumin
845 1915 873 1953 se
890 1894 1015 1975 suscipit,
1036 1902 1141 1954 tantum
1161 1893 1247 1976 rejicit
1263 1892 1314 1954 sub
1336 1890 1503 1975 crepidinem
1521 1915 1576 1953 orae

311 1993 463 2054 maritimae.

353 2095 444 2157 LXIII.
469 2096 533 2158 Post
548 2098 714 2180 templum..
732 2147 738 2158 .
753 2098 876 2160 .llecatae
896 2099 1020 2182 sequitur
1040 2097 1145 2182 [sinus]
1162 2098 1302 2159 Lasthenes
1321 2098 1472 2181 appellatus
1486 2120 1502 2158 a
1517 2098 1575 2159 vira

258 2207 290 2260 15
312 2198 463 2282 Megarensi
479 2201 620 2263 Lasthene.
634 2202 734 2263 Similis
746 2202 817 2262 sinui
831 2211 990 2285 nuncupato
1005 2202 1098 2262 Cornu
1110 2211 1163 2266 est,
1178 2202 1274 2261 intimo
1287 2222 1393 2262 recessu
1404 2200 1532 2283 palustri,
1549 2210 1575 2259 et

310 2304 561 2384 promontoriorum
577 2305 738 2375 eminentia,
759 2315 786 2365 et
801 2303 936 2388 prolunda
955 2303 1111 2373 altitudine,
1133 2314 1266 2387 quantum
1291 2325 1391 2386 magna
1406 2326 1470 2365 cum
1485 2304 1576 2386 parvis

309 2405 372 2466 licet
386 2407 521 2477 conlerr03
533 2407 567 2467 ad
580 2408 722 2469 introitum
736 2408 846 2469 strictus
860 2417 914 2478 est,
930 2408 1080 2491 procedens
1095 2418 1185 2468 autem
1200 2405 1277 2468 valde
1289 2406 1430 2476 dilatatum
1446 2407 1576 2490 tranquil-

311 2511 352 2571 lus
366 2521 393 2571 et
409 2522 483 2573 tutus
495 2522 548 2580 est,
564 2511 750 2573 ciacumdatus
763 2512 903 2573 montibus
915 2512 1016 2596 quibus
1033 2512 1106 2572 velut
1120 2513 1206 2572 muris
1222 2511 1344 2572 munitur
1360 2520 1453 2572 contra
1466 2523 1572 2579 ventos,

311 2613 338 2673 in
348 2636 431 2698 quem
445 2614 584 2676 descendit
597 2615 709 2699 quidum
727 2616 827 2676 durius
843 2614 969 2698 perennis
982 2613 1109 2698 quidem,
1123 2614 1170 2675 sed
1184 2615 1300 2675 naribus
1311 2616 1469 2676 inaccessus.
1483 2613 1512 2675 ln
1524 2614 1575 2675 huc

256 2724 291 2776 '20
310 2717 369 2778 loco
386 2718 568 2800 Amphiaraus
584 2739 615 2779 ex
627 2717 729 2779 oraculi
745 2718 837 2779 divino
853 2727 988 2801 praeccpto
998 2717 1104 2778 colitur.

352 2819 443 2882 LXIV.
468 2821 532 2882 Post
546 2821 724 2882 Lasthenium
733 2868 801 2883 .....
826 2821 1008 2882 Coruaiurodea
1022 2821 1136 2888 exsistit,
1152 2843 1166 2879 a
1181 2821 1246 2881 silva
1263 2841 1464 2882 corumarorum
1483 2823 1574 2882 ruorni-

310 2934 421 2993 natum,
439 2925 507 2985 mari
524 2926 658 2985 Iluctuoso
673 2924 854 2986 verberatum.

352 3026 431 3087 LXV.
453 3027 518 3087 Post
532 3026 730 3088 Commurodes
740 3028 919 3111 consequitur
929 3027 1003 3087 littus
1013 3027 1131 3093 editum,
1141 3048 1269 3109 asperum
1279 3077 1284 3095 ‚
1294 3037 1440 3111 cautesque
1451 3048 1575 3088 concavae

308 3152 339 3190 ex
356 3131 425 3191 mari
440 3131 604 3200 eminentes,
626 3153 695 3214 quas
714 3131 820 3214 antiqui
838 3129 967 3191 Bacchius
989 3131 1168 3191 nominarunt
1186 3152 1218 3191 cx
1241 3152 1273 3191 eo
1287 3128 1362 3213 quod
1384 3130 1486 3191 circum
1502 3130 1574 3213 ipsas

255 3238 288 3290 ‘25
307 3233 440 3293 concitata
452 3242 530 3293 motu
545 3233 644 3293 ductus
656 3233 745 3295 liuere
759 3244 786 3295 et
801 3233 926 3294 bacchari
937 3232 1072 3294 videntur.
1086 3232 1137 3293 llic
1147 3232 1330 3302 Demetrium,
1343 3231 1461 3316 Philippi
1476 3231 1573 3293 ducem

308 3336 453 3406 exercitus,
476 3358 564 3420 quum
588 3336 713 3397 uicissent
738 3335 874 3418 Byzantii,
895 3341 1099 3417 Θερμημερὶαν
1121 3335 1298 3396 nominarunt
1317 3335 1406 3396 lacurn
1429 3357 1444 3394 a
1467 3336 1574 3417 reipsa

308 3460 370 3521 quae
385 3439 554 3521 contigerat:
572 3460 696 3522 pugnam
712 3439 784 3499 enIm
796 3438 918 3499 navalem
935 3438 1006 3498 illius
1019 3438 1073 3499 diei
1088 3459 1189 3521 magna
1202 3437 1310 3499 solertia
1321 3446 1347 3498 et
1358 3459 1467 3498 summo
1477 3437 1574 3498 ardore

308 3552 506 3625 pugnavermrt.

291 3682 297 3691 ·
349 3643 441 3706 LXVI.
465 3644 521 3705 Sub
535 3666 611 3705 oram
630 3656 721 3707 autem
737 3646 938 3729 promInentem
953 3645 1027 3706 subit
1037 3655 1064 3705 et
1079 3644 1199 3705 succedit
1214 3645 1302 3715 sinus,
1318 3645 1345 3704 in
1360 3654 1469 3728 quaest
1480 3661 1573 3726 portua

253 3753 288 3804 30
309 3746 421 3817 Pitheci,
439 3769 523 3831 quem
543 3748 619 3808 aiunt
636 3770 729 3832 regern
750 3746 928 3809 barbarorum
948 3748 1021 3808 bunc
1041 3747 1129 3808 locum
1150 3746 1328 3808 accolentium
1350 3747 1504 3829 Asterupaeo
1520 3771 1573 3809 una

308 3871 371 3911 etum
386 3850 444 3911 suls
459 3851 521 3911 filiis
537 3850 636 3912 ducem
654 3850 787 3913 exstitisse
804 3850 967 3933 trajectionis
983 3850 1009 3909 in
1028 3850 1128 3910 Asiam.
1147 3848 1215 3910 Iluic
1229 3851 1370 3911 canIInens
1384 3859 1483 3911 estora
1498 3873 1572 3933 qirae-

308 3962 388 4035 rupta
404 3964 431 4014 et
446 3975 575 4037 praeceps.

350 4055 454 4117 LXVII.
479 4056 584 4118 Deinde
599 4057 775 4139 consequitur
789 4057 864 4118 littus
877 4055 1009 4117 inclinans
1023 4057 1051 4116 in
1066 4055 1156 4115 sinum
1168 4055 1338 4116 nominatum
1352 4054 1453 4115 Eddroo
1468 4056 1570 4121 tatto.

308 4177 391 4239 quem
404 4158 500 4218 circuit
515 4159 591 4220 littus
602 4167 629 4219 et
643 4180 719 4219 marc
734 4158 833 4242 exiguo
850 4158 938 4241 spatio
952 4168 1134 4226 contractum,
1152 4168 1181 4218 ut
1192 4159 1332 4219 continens
1347 4157 1459 4242 quidem
1475 4169 1572 4219 natura

254 4268 288 4320 35
308 4260 432 4330 exsistam
446 4270 475 4321 at
487 4259 616 4343 adspectu
633 4260 720 4321 insula
733 4283 793 4322 esse
804 4260 921 4322 videtur.

351 4362 466 4424 LXVIII.
490 4362 556 4424 lnde
569 4365 662 4425 statim
678 4363 796 4425 succedit
812 4364 888 4424 siuus
905 4373 1078 4447 nuncupatus
1094 4364 1265 4425 Pluermaeiaa
1284 4386 1299 4423 a
1316 4362 1409 4425 IIedea
1429 4363 1571 4429 Colchide.

347 4555 370 4587 a.
391 4533 527 4606 χειμάρους
539 4534 578 4587 ed.
591 4534 713 4607 princeps.
728 4534 737 4609 ΙΙ
753 4535 778 4588 3.
797 4535 903 4588 aPortus
977 4546 1113 4607 uiincuputa
1125 4533 1212 4587 Cmmu.
1226 4533 1269 4588 Eat
1282 4536 1362 4586 intimo
1377 4534 1427 4596 Gb,
1443 4534 1485 4588 ubi
1499 4535 1572 4588 inter·

308 4617 458 4670 ,IIulierumc
477 4636 554 4691 graece
571 4623 697 4671 Γυναικῶν
713 4621 788 4686 λιμήν
801 4619 901 4691 (Steph.
976 4620 1135 4691 punctionem
1148 4617 1351 4692 emendavillar.
1367 4618 1506 4673 Cmuarodm
1508 4660 1570 4673 .....

309 4702 387 4772 Byr).
402 4700 412 4775 ll
430 4702 471 4754 alt.
486 4701 612 4755 Laatltmea
629 4703 719 4757 omisso
733 4703 837 4756 asinus»
850 4703 901 4767 Gb,
976 4721 1126 4755 camararum
1150 4720 1212 4756 carr.
1231 4702 1290 4757 PM.
1311 4703 1570 4777 adpapos=arbutus

307 4785 350 4858 qui
363 4786 432 4857 ponit
445 4786 470 4838 in
483 4786 658 4839 commentario
670 4787 737 4839 ciuus
749 4785 902 4840 Lastbem'cm
981 4783 1086 4858 unq-30.
1098 4793 1200 4859 spurtus
1212 4786 1323 4841 Pithecia
1337 4805 1414 4857 graece
1427 4789 1514 4855 λιμένα
1529 4792 1572 4840 Πι-

308 4869 344 4922 vel
354 4867 517 4931 laeoatbeuiua,
530 4888 543 4922 a
557 4869 693 4925 musitata
705 4871 741 4923 vel
756 4869 901 4923 mammes.
976 4869 1053 4925 tunae
1064 4889 1093 4924 ex
1103 4870 1219 4943 Dionysio
1231 4870 1343 4943 Gbll30·
1354 4874 1527 4944 «Asteropaeon
1537 4872 1571 4925 sic

308 4952 387 5007 llabet
396 4955 463 5006 mum
472 4953 675 5008 Castbeueucodax
685 4955 757 5008 Plinii
767 4955 821 5024 (IV,
830 4974 900 5017 rrrrr,
978 4953 1012 5007 bl.
1027 4972 1042 5005 a
1057 4952 1166 5025 Sarapa
1179 4953 1226 5008 Gb.
1241 4953 1251 5028 ll
1267 4954 1310 5008 35.
1328 4953 1438 5007 uideatur
1449 4955 1483 5009 M.
1501 4954 1510 5029 II
1525 4956 1568 5009 36.

310 5037 358 5104 to)
375 5036 441 5110 apud
454 5036 500 5090 Gn.
516 5037 525 5109 ll
544 5040 584 5092 15.
600 5037 726 5100 luitberto,
740 5038 823 5090 manilii
839 5039 903 5091 amai
978 5037 1569 5111 aPtramaciasngraeceuapaantm(suasa).

1368 5152 1381 5204 ἡ
