4282 6368
550 606 567 665 ι
649 554 653 566 ’
798 642 801 650 .
982 595 1377 661 nronrsnaminru

598 747 633 816 ll.
663 749 753 816 Κατὰ
767 742 800 814 όό
814 738 868 823 ὀξὺ
881 747 1072 840 ῥηγνυμένου
1086 743 1164 837 περί
1180 745 1274 817 αὐτὴν
1287 748 1341 810 τοῦ
1353 739 1516 834 ῥεύματος,
1530 740 1566 807 τὸ
1582 741 1637 823 μὲν
1651 740 1738 806 πολι)
1752 739 1804 806 καί

547 873 652 956 βίαιον
670 868 744 938 ὠθεῖ
753 868 832 936 κατὰ
845 874 899 942 τῆς
912 861 1143 961 Προποντίδος·
1159 863 1236 932 ὅσον
1251 858 1283 931 dd
1297 861 1386 958 πραθ
1401 863 1452 930 καλ
1466 863 1574 956 θήρας
1590 859 1704 953 ίχθόων
1719 867 1805 949 ἀγω-

546 995 618 1083 γόν,
635 986 819 1082 ὑποδέχεται
834 997 877 1077 τῷ
890 991 1069 1073 καλουμένῳ
1082 987 1216 1080 Κέρατι·
1233 985 1350 1053 κόλπος
1368 982 1457 1052 οὗτος
1475 985 1534 1051 ὑπὸ
1550 986 1607 1059 την
1623 984 1804 1078 Βοσπόριον

547 1117 656 1209 ἄκραν.
670 1111 769 1181 Βαθὺς
779 1113 835 1197 μέν
848 1111 950 1178 πλέον»
965 1112 983 1184 θ
995 1109 1062 1178 καθ
1077 1107 1188 1204 θρμον·
1205 1098 1358 1183 ἐξίκοντα
1369 1108 1432 1202 γὰρ
1445 1107 1631 1197 ἀνακέχυται
1650 1101 1801 1174 cladibus·

512 1250 527 1301 5
548 1238 693 1324 α’σφαλιλς
713 1231 745 1302 dd
763 1233 823 1302 όσα
842 1235 950 1318 λιμιίν·
970 1238 1003 1300 έν
1020 1230 1123 1318 κύκλῳ
1138 1230 1205 1315 μέν,
1223 1228 1311 1324 ὄρεσι
1327 1230 1378 1296 καλ
1395 1231 1505 1316 λόφοις
1518 1228 1539 1294 d
1551 1230 1619 1322 πρό
1631 1235 1693 1295 τῶν
1708 1254 1804 1296 πνευ-

548 1361 667 1444 μότωυ·
686 1357 819 1425 κατόπιν
837 1351 869 1423 δὲ
879 1406 889 1438 ,
907 1359 1064 1439 ποταμοῖς
1079 1351 1208 1437 βαθεῖαν
1226 1353 1278 1418 καί
1297 1349 1457 1436 μαλθακὴν
1471 1352 1702 1440 καταφέρουσιν
1720 1347 1802 1416 ίλόυ·

547 1483 627 1549 κατὰ
642 1482 743 1564 σίόμα
758 1474 806 1562 δὲ,
825 1476 884 1546 ὑπὸ
902 1484 956 1551 τῆς
972 1476 1068 1569 ἄκρας
1080 1480 1130 1562 ἐφ’
1150 1474 1216 1547 dccl
1235 1473 1343 1541 πόλις.

599 1600 650 1671 Vl.
678 1578 759 1670 liele
784 1596 814 1666 d'
836 1599 911 1672 αθτη
933 1606 973 1684 τῇ
989 1597 1136 1682 θαλαίτίη
1155 1602 1264 1679 πᾶσα,
1289 1597 1377 1670 πλην
1399 1600 1453 1663 τοῦ
1475 1595 1685 1663 συνοίπίοντος
1709 1599 1804 1670 αὐτὴν

548 1725 632 1819 πρὸς
649 1727 704 1799 τὴν
723 1726 851 1815 ἤπειρον
874 1720 996 1804 ίσθμοῦ.
1016 1715 1156 1805 Μέγεθος
1173 1712 1206 1785 dl
1227 1717 1354 1801 τοῦμὲν
1372 1716 1699 1811 παντόςπεριέόλου,
1718 1745 1804 1812 τρια-

495 1857 527 1910 10
547 1847 735 1914 κονταπέυτε
748 1838 897 1911 σθαόίωυ·
916 1847 971 1909 τοῦ
985 1835 1018 1907 lt
1034 1841 1181 1928 αὐχένος,
1197 1842 1250 1926 ὑφ’
1260 1836 1297 1905 οὗ
1313 1832 1483 1933 διείργεται
1495 1839 1530 1906 τὸ
1543 1840 1584 1924 μι)
1597 1846 1693 1914 νῆσος
1707 1837 1785 1906 εἶναι
1793 1892 1802 1922 ,

548 1969 655 2034 πέντε.
677 1947 847 2034 Ευνέυευκε
866 1958 899 2031 δὲ
921 1963 972 2030 an
992 1963 1048 2036 τὴν
1065 1960 1232 2033 emata»
1248 1960 1331 2026 ἅπαν
1349 1959 1384 2026 τὸ
1406 1954 1672 2054 περικλυζόμενον
1694 1965 1803 2045 αὐτῆς,

546 2092 635 2163 πλὴν
650 2092 704 2155 οὐκ
724 2086 841 2181 α’θρόως
855 2086 919 2152 ἀπὸ
936 2089 991 2150 τοῦ
1006 2081 1147 2177 Θρᾳκίου
1164 2082 1287 2169 τείχους
1306 2082 1403 2175 ἠρέμα
1419 2082 1502 2174 πρὸς
1516 2081 1694 2176 ἀμφότερον
1711 2085 1804 2175 μέρος

546 2212 763 2278 ἀποκλίνεται·
785 2203 835 2275 διὰ
851 2209 946 2291 μέσον
964 2200 997 2272 tt
1010 2209 1152 2272 ἐπιεικῶς
1166 2204 1298 2287 ὁμαλός,
1313 2202 1375 2269 όσα
1387 2204 1428 2287 μι)
1441 2202 1527 2297 πρὸς
1539 2209 1604 2272 τοῖς
1615 2204 1737 2297 ἄκροις,
1750 2206 1802 2272 καί

546 2330 721 2401 τούντεῦθεν
736 2336 785 2398 ἐπ’
801 2330 981 2421 ἀμφοτέραν
995 2321 1092 2393 πεόία
1113 2331 1171 2412 γῆς
1182 2327 1239 2400 τὴν
1254 2325 1433 2397 educatae.
1450 2299 1513 2394 lits
1531 2331 1643 2394 πᾶσαν
1657 2333 1807 2423 περιρρεῖ

495 2465 526 2519 15
546 2455 603 2528 τόν
615 2453 715 2522 πόλιν
733 2449 907 2542 ἀγχιέαθὴς
922 2448 974 2516 καλ
993 2443 1124 2542 ρὀώόης,
1146 2448 1332 2531 ἐλαυνομένη
1347 2446 1403 2531 μέν
1421 2449 1480 2515 ὑπὸ
1497 2452 1552 2515 τοῦ
1567 2448 1725 2517 Ποντικοῦ
1740 2475 1804 2517 πε-

546 2576 660 2662 λαίγους
677 2575 727 2641 καλ
746 2568 796 2639 lut
813 2570 984 2646 alendam
1004 2575 1059 2637 τοῦ
1071 2570 1176 2663 πόρου
1190 2571 1242 2636 καί
1258 2569 1313 2637 τός
1329 2575 1364 2636 ἐκ
1382 2575 1443 2636 τῶν
1458 2571 1594 2665 νίπείρων
1608 2571 1739 2657 πληγὰς
1751 2573 1803 2638 καλ

545 2698 725 2764 ἀντιτυπίας
737 2694 833 2789 α’θρόα
845 2691 1096 2788 προσπίπίουσα
1111 2695 1151 2775 τῇ
1163 2691 1276 2774 πόλει,
1288 2685 1458 2780 σχιζομένη
1472 2685 1505 2758 tt
1516 2694 1594 2785 περὶ
1607 2694 1664 2767 την
1678 2692 1803 2760 Βοσπό-

584 2853 608 2904 6.
623 2849 723 2922 βαθείαν
734 2851 761 2904 Α.
772 2848 781 2922 ll
797 2867 838 2900 ιο.
851 2851 913 2914 τομὴ
926 2854 1002 2904 νῆσος
1012 2846 1039 2899 Α.
1054 2844 1063 2918 ll
1082 2845 1122 2898 ¹3.
1135 2847 1228 2912 ὁμαλῆς
1239 2846 1265 2899 Α.
1281 2844 1290 2917 ll
1308 2846 1349 2899 ila.
1363 2843 1417 2904 ridel
1428 2846 1454 2899 t.

588 3044 618 3106 ll.
642 3045 727 3128 Cujus
741 3042 920 3127 promontorii
937 3063 1068 3103 mucrone
1086 3063 1174 3125 quum
1189 3042 1218 3102 in
1238 3041 1306 3102 duas
1325 3051 1416 3125 partes
1435 3042 1574 3105 dividatur
1588 3045 1700 3117 linctus,
1718 3047 1801 3110 altera

546 3147 658 3233 quidem
673 3147 761 3230 major
780 3156 808 3207 et
821 3145 963 3207 violentior
977 3145 1129 3228 praecipitat
1146 3145 1174 3206 in
1189 3143 1397 3227 Propontidem
1410 3144 1495 3207 altera
1513 3167 1577 3208 vero
1592 3146 1706 3209 debilior
1719 3159 1802 3234 atque

547 3250 734 3313 venandorum
749 3248 865 3332 piscium
881 3247 954 3309 serm
969 3247 1101 3309 detluitin
1113 3248 1205 3309 sinum
1219 3247 1312 3309 Cornu
1324 3258 1530 3331 nuncupatum,
1546 3250 1594 3333 qui
1609 3249 1662 3311 sub
1675 3272 1803 3335 promon-

547 3356 647 3416 torium
663 3352 825 3436 bosporium
840 3361 888 3413 eat.
907 3350 966 3434 lpse
985 3352 1060 3413 siuns
1076 3350 1237 3434 profundior
1253 3372 1338 3435 quam
1358 3373 1409 3434 pro
1426 3351 1538 3412 navium
1554 3352 1682 3424 statione,
1698 3355 1802 3438 quippe

510 3472 526 3524 5
546 3460 595 3544 qui
609 3479 692 3541 super
711 3456 849 3539 sexaginta
872 3453 959 3516 stadia
978 3454 1148 3525 effundatur;
1168 3453 1240 3516 idem
1263 3464 1339 3515 tutus
1364 3453 1477 3538 perinde
1498 3476 1530 3516 ac
1554 3456 1576 3516 si
1599 3465 1694 3539 portus
1718 3469 1800 3520 esset.

546 3583 633 3647 quum
646 3558 830 3622 circumdatus
845 3557 880 3619 sit
892 3568 1024 3641 perpetuo
1039 3559 1175 3619 montium
1187 3557 1352 3642 colliumque
1368 3558 1457 3619 cinctu
1474 3568 1566 3620 ventos
1582 3559 1801 3642 prohibentium.

546 3687 561 3724 a
581 3675 660 3748 tergo
680 3672 772 3724 autem
788 3661 902 3722 [luminu
922 3659 1056 3722 devehant
1073 3659 1237 3745 profundam
1255 3660 1422 3744 mollemque
1446 3669 1525 3723 terrra
1539 3662 1757 3746 aggerationem.
1774 3665 1801 3723 in

545 3787 592 3827 ore
604 3788 668 3827 vero
682 3763 901 3849 promontorium
917 3764 1035 3824 emineat
1045 3762 1093 3824 ubi
1108 3763 1192 3825 situm
1207 3772 1248 3825 eat
1263 3762 1433 3847 Byzantium.

589 3870 632 3932 Vl.
655 3870 701 3931 Est
717 3878 809 3930 autem
821 3867 888 3929 urbs
903 3877 958 3927 totu
975 3867 1125 3937 maritima,
1140 3876 1251 3950 excepto
1266 3867 1366 3928 isthmo
1381 3889 1437 3952 quo
1453 3869 1600 3930 continenti
1615 3871 1799 3954 conjungitur.

495 3987 526 4040 tt)
546 3971 706 4058 Magnitudo
723 3970 843 4033 ambitus
861 3970 981 4032 universi
999 3970 1111 4053 triginta
1128 3971 1252 4054 quinque
1273 3969 1361 4032 studia
1380 3971 1582 4054 complectitur;
1603 3972 1703 4034 oollum
1723 3994 1799 4035 vero.

545 4097 601 4160 quo
615 4074 776 4159 prohibetur
789 4095 824 4134 ne
834 4071 923 4158 [urbs]
939 4072 974 4133 sit
986 4072 1088 4141 insula,
1105 4072 1236 4156 quinque.
1254 4071 1343 4133 Prona
1358 4073 1447 4158 vergit
1460 4072 1495 4134 ad
1510 4095 1586 4135 mare
1600 4095 1631 4135 ea
1646 4095 1711 4157 pom
1726 4076 1802 4137 urbis

545 4202 608 4264 quae
619 4177 747 4240 [luctibus
762 4177 882 4245 alluitur,
894 4196 984 4258 neque
995 4175 1054 4258 ipsu
1067 4175 1187 4257 prolecto
1198 4175 1250 4236 nini
1261 4197 1277 4236 a
1292 4175 1407 4238 'l'bracio
1418 4198 1498 4238 muro
1508 4176 1603 4238 leuiter
1613 4177 1641 4238 in
1652 4186 1801 4262 utrumqne

544 4284 616 4346 latua
632 4281 770 4344 decrescit.
787 4278 818 4340 ln
834 4276 924 4340 medio
939 4286 1029 4339 autem
1046 4278 1171 4361 planities
1185 4278 1326 4362 interjacet
1341 4279 1512 4364 equabilitar
1528 4279 1589 4341 fusa
1604 4283 1722 4364 exceptis
1735 4304 1802 4365 pro-

546 4384 699 4455 montoriis,
715 4393 799 4466 atque
819 4379 883 4442 inde
904 4379 995 4462 campi
1012 4401 1104 4441 versus
1123 4390 1272 4465 utrumque
1291 4403 1367 4443 mara
1383 4381 1584 4464 expanduntur.
1600 4382 1694 4467 ipsum
1709 4395 1801 4446 autem

434 4555 437 4567 ¹
494 4502 525 4556 15
544 4508 620 4550 mare
635 4486 730 4549 urbem
748 4483 913 4547 circumlinit
927 4491 1027 4552 totam,
1043 4481 1134 4543 atatim
1154 4482 1189 4544 ab
1208 4483 1297 4546 littore
1311 4483 1478 4568 profundum
1492 4494 1519 4546 et
1532 4485 1681 4550 fluctuans:
1697 4488 1801 4573 quippe

545 4591 665 4676 impulsu
680 4587 769 4673 pelagi
784 4586 889 4648 Pontici
905 4584 1048 4646 incitatum
1063 4594 1091 4646 et
1104 4587 1237 4670 angustiis
1252 4586 1313 4648 freti
1332 4595 1359 4648 et
1373 4587 1477 4649 alterno
1489 4587 1611 4650 littorum
1627 4611 1758 4673 percussu
1771 4612 1802 4653 ac

544 4695 668 4780 repulsu,
681 4711 804 4776 preceps
819 4689 940 4751 defertur
952 4687 987 4749 ud
1002 4688 1114 4759 urbem;
1130 4688 1178 4751 ubi
1189 4710 1252 4751 vero
1263 4689 1405 4752 discissum
1417 4690 1469 4752 luit
1480 4712 1611 4755 mucrone
1622 4695 1801 4776 promontorii

544 4796 680 4881 bospori,
696 4815 760 4877 para
774 4792 833 4876 ejus
848 4790 943 4853 detluit
962 4791 989 4851 in
1010 4791 1101 4852 sinum
1118 4813 1248 4876 magnum
1269 4813 1301 4853 ao
1317 4793 1468 4876 piaoosnm,
1484 4794 1637 4879 desinitque
1656 4797 1684 4858 in
1707 4808 1801 4859 tenues

585 4957 625 4992 ιο.
635 4936 763 5008 Dionysius
775 4932 907 5006 Byzantius
918 4933 952 4984 ait
965 4930 1078 4984 αιηόιλυιη
1088 4929 1135 5004 By·
1200 4932 1280 5004 suiue
1289 4931 1336 4987 Gb.
1351 4931 1361 5006 l}
1379 4952 1446 5006 ro·p.
1462 4936 1491 4995 5.
1501 4934 1516 4986 l.
1531 4953 1553 4987 ι.
1567 4936 1774 5010 roompleotitur..
1786 4978 1793 4991 .

544 5022 618 5074 zanni
626 5017 887 5092 cirritarquodroginto
899 5014 978 5069 studio
990 5015 1134 5088 completum
1209 5015 1368 5090 Nuncupatur
1380 5024 1480 5071 autema
1489 5035 1538 5070 om.
1548 5017 1594 5073 Gb.
