4282 6368
796 605 976 670 MlNORES
997 604 1167 666 SEPTEM.
1572 603 1611 664 85

623 751 672 813 Εν.

1284 747 1350 807 co».

349 898 544 978 Καρμανθριον
555 899 612 955 ἀπὸ
623 897 807 976 Καρμάνορος
819 899 870 951 τοῦ
884 899 941 950 Διο-
1018 890 1216 969 καρμανώριον
1231 891 1288 945 ἀπὸ
1303 892 1452 968 κάρμωνος
1461 894 1511 945 τοῦ
1525 884 1613 944 διονύ·

390 1002 479 1059 νὺσου
496 1005 543 1058 καί
559 990 745 1081 λλεξιρροίας
759 987 945 1072 (λλεξιροίας

391 1101 410 1162 P
423 1102 498 1187 apud
515 1101 556 1183 M)

352 1195 448 1289 ,τροις

351 1315 383 1369 έν
398 1313 585 1393 Καρμανορίῳ

352 1406 505 1495 Ᾰρσίττπην
519 1405 666 1494 (λρρίττην
682 1409 701 1469 P
716 1408 791 1493 apud
808 1408 848 1490 M)

351 1523 437 1587 αὐτῆς
452 1517 616 1601 Ιέν]έπεσεν

351 1626 501 1700 ἀπέφυγεν

351 1724 417 1804 βίον
431 1721 633 1805 περιέγραψεν

350 1837 391 1908 τῷ
405 1830 612 1908 προειρημένῳ

352 1935 445 2012 ῥιφείς
456 1934 498 1991 είς
512 1929 584 2005 ὕφος

350 2038 623 2117 τοῦπροειρημένον
631 2036 759 2092 παῖςτόν
767 2036 946 2110 γεννήσαντα

395 2136 499 2211 θάψας

353 2243 380 2301 6.
397 2246 511 2323 κισηρει

351 2353 409 2403 τῶν
426 2350 511 2419 μήπω
525 2347 634 2424 χρόνον

354 2446 426 2516 λίίίί,
448 2471 472 2508 ι.
485 2452 634 2530 Λυκόρμας

352 2541 440 2612 ίδαςὸ
455 2543 594 2633 λφαρέως

353 2658 535 2737 Μάρπησσαν

353 2761 505 2840 Λυκόρμαν

355 2885 383 2922 υ.
395 2871 529 2941 γεννᾶται
544 2861 566 2920 δ’
578 2867 610 2921 έν
623 2867 697 2943 αὐτῷ
707 2861 816 2941 βοτάνη
832 2861 949 2945 [σάρισα

395 2963 693 3047 προσαγορευομένη]
725 2963 822 3043 λόγχη
856 2966 948 3044 παρό-

399 3091 479 3145 μοιος

356 3171 384 3231 3.
401 3164 595 3247 Ᾱλφεσιέοίας
608 3174 713 3232 παιδός

355 3275 509 3358 Τελέαθωρ
531 3274 561 3335 δὲ
581 3284 621 3356 τῷ
645 3274 723 3356 ζήλῳ
744 3286 796 3344 τῆς
816 3280 950 3353 γυναικὸς

396 3383 665 3460 σνσσχηματισθείς
680 3378 740 3461 [εἰς]
761 3385 814 3448 τὴν
831 3383 950 3459 ε’ρημίαν

357 3483 384 3543 ίι.
400 3487 432 3542 ἐν
445 3486 474 3562 γ’
490 3488 563 3566 περί
577 3477 661 3564 ὁρῶν

356 3585 404 3657 ΙΧ,
426 3610 449 3647 ι.
466 3591 698 3647 Ιίεσσινονντίοις
767 3596 771 3607 “

355 3694 465 3754 θύσειν
478 3699 530 3751 τὸν
543 3699 664 3773 πρῶτον
679 3695 753 3770 αὐτῷ
764 3695 950 3772 συγχαρέντα

397 3792 465 3877 [ἐπί]
481 3803 541 3853 ταῖς
556 3792 754 3875 ἀνδραγαθίαις
768 3796 890 3874 τρόπαια
900 3799 950 3870 φέ·

399 3919 477 3979 ροντι

355 4011 395 4083 τῷ
410 4007 616 4084 προειρημένῳ

354 4105 415 4164 κατ’
425 4102 951 4188 ἀνθγκηνίτοῖς]βωμοῖςπροσηγαγεν

355 4213 583 4270 ΙΙεσσινουντίων

359 4337 385 4373 ν.
402 4318 496 4390 ἄκρην

355 4420 521 4493 ἀναθήματα

355 4526 396 4582 είς
410 4525 547 4598 ποταμὸν

357 4627 383 4687 3.
401 4625 481 4686 λίθος
495 4625 555 4684 κατ’
572 4629 742 4704 αντίφρασιν
759 4628 888 4704 Σώφρων
902 4646 950 4682 κα-

397 4729 538 4804 λούμενος

358 4836 384 4894 ίι.
401 4837 472 4914 έχον
480 4839 536 4894 ἀπὸ
548 4831 674 4893 Σιπύλου
685 4840 736 4891 τοῦ
748 4822 896 4912 Ᾱγηνορος
905 4834 951 4889 καί

400 4935 562 5008 Διωξίπσης
577 4934 743 5020 (διοξίττττης
755 4934 774 4994 P
785 4932 860 5017 apud
877 4931 918 5012 Μ)

355 5041 403 5100 ὑπ’
421 5032 544 5122 Ιῖρινίιων

1061 1012 1115 1049 σου
1130 995 1176 1049 καί
1192 988 1418 1072 θλεξιρροίας

1021 1215 1105 1295 ἄρεος

1020 1322 1052 1375 ἐν
1067 1323 1211 1398 καρμανίω

1021 1424 1126 1501 ἀρίπην

1021 1529 1106 1594 αὐτῆς
1120 1528 1211 1583 έττεσε

1021 1633 1222 1707 κατέφυγεν

1022 1730 1088 1810 βίον
1099 1733 1282 1814 παρέτριίιεν

1021 1843 1061 1892 τῶ
1076 1839 1219 1918 εἰρημένω

1023 1942 1115 2019 ριφείς
1130 1943 1186 1998 ἀπὸ
1199 1938 1289 2014 ὕψους

1021 2050 1149 2101 παῖςτοῡ
1157 2045 1375 2123 προειρημένου
1387 2040 1618 2117 θάφαςτονγεν-

1064 2150 1191 2214 νήσαντα

1023 2253 1156 2329 κισσήρει

1022 2358 1079 2409 τῶν
1095 2357 1134 2425 μὴ
1148 2359 1189 2409 τῶ
1201 2355 1297 2431 χρόνω

1023 2456 1172 2534 Δύκαρμος

1023 2555 1099 2616 είόας
1113 2562 1129 2616 ὸ
1144 2560 1276 2639 ἀφάρεως

1024 2665 1179 2741 μάρπησαν

1023 2762 1172 2845 λυκάρμαν

1023 2876 1156 2944 γεννᾶται
1175 2865 1197 2924 δ’
1213 2871 1245 2924 ἐν
1271 2871 1345 2925 αὑτῶ
1368 2870 1385 2933 η
1408 2865 1507 2944 λόγχη
1525 2869 1617 2945 παρὸ·

1067 2992 1146 3045 μοιος

1025 3177 1211 3255 ἀλφεσιὲοίας
1222 3187 1272 3247 τῆς
1286 3174 1389 3236 παιδὸς

1024 3280 1171 3362 τελέσίωρ
1187 3279 1218 3339 δέ
1237 3286 1253 3340 ὁ
1271 3280 1401 3349 ζηλωτὴς
1417 3288 1468 3347 τῆς
1487 3283 1619 3357 γυναικὸς

1066 3387 1313 3463 συσχηματισθείς
1328 3389 1381 3454 τὴν
1396 3386 1517 3465 ἐρημίαν

1025 3493 1057 3546 έν
1070 3491 1157 3569 τρίτῳ
1169 3492 1241 3569 περί
1254 3493 1338 3568 ὀρῶν.

1025 3595 1244 3650 πεσινουντίους
1264 3652 1271 3661 ,

1025 3697 1135 3758 θύσειν
1150 3698 1225 3775 αὐτῷ
1239 3698 1290 3753 τὸν
1304 3702 1424 3773 πρῶτον
1436 3696 1620 3774 συγχαρέντα

1066 3807 1126 3857 ταῖς
1141 3796 1338 3878 ἀνδραγαθίαις
1349 3799 1472 3877 τρόπαια
1487 3799 1584 3878 φέρων

1025 4012 1065 4061 τῶ
1079 4007 1223 4086 εἰρημένω

1025 4105 1087 4165 κατ’
1100 4110 1226 4184 ἀνάγκην
1239 4105 1347 4184 βωμοῖς
1361 4110 1508 4184 κατηγαγε

1026 4213 1236 4268 πεσινουντίων

1026 4317 1102 4387 α’κιιο

1026 4418 1188 4492 ἀναθέματα

1026 4522 1068 4579 είς
1080 4524 1131 4578 τὸν
1143 4524 1278 4596 ποταμὸν

1025 4621 1105 4682 λίθος
1114 4621 1175 4681 κατ’
1181 4625 1350 4703 ἀντίφρασιν
1364 4626 1504 4702 τέφρων
1520 4621 1618 4680 καλοί-

1068 4747 1153 4801 μενος

1027 4831 1104 4909 έχων
1123 4833 1180 4888 ἀπὸ
1194 4828 1319 4889 σιττίιλου
1340 4838 1390 4887 του
1413 4832 1554 4911 ἀγήνορος
1573 4832 1618 4887 καί

1068 4930 1258 5003 διωξίτπης

1027 5040 1083 5096 ὑπὸ
1097 5040 1232 5119 έριννὺων
