4282 6368
620 493 919 557 connnurnulo
942 493 1309 557 PALAEOGRAPHICA.
1550 517 1592 556 nx

379 637 507 738 ltaque,
535 663 604 708 mea
628 635 760 736 quidem
785 637 960 722 sententia,
984 636 1081 709 codex
1104 637 1296 737 archetypus
1318 665 1353 709 cn
1379 636 1480 710 tribus
1504 637 1593 709 codi-

326 758 417 830 cibus
441 756 598 830 conflatus
626 758 699 843 tuit,
726 758 848 830 scilicet
869 758 977 830 codice
1004 785 1069 830 uno
1096 758 1378 859 Geograplrorum‚
1404 773 1438 855 et
1464 758 1592 831 duobus

327 879 492 952 codicibus
505 907 644 979 quorum
659 879 738 951 alter
747 879 1067 979 Paradorograplros,
1080 878 1161 952 alter
1172 880 1455 980 Epistolograpbos
1466 881 1591 953 Graecos

326 1000 522 1074 continebat.
533 1001 691 1084 Quaenam
702 1029 737 1073 ex
751 1001 859 1074 codice
873 1001 928 1073 illo
940 1001 1204 1102 Geographorum
1220 1003 1252 1073 in
1265 1001 1461 1074 membranis
1475 1003 1591 1074 nostris·

328 1122 457 1221 vestigia
476 1122 653 1222 supersint,
668 1123 737 1222 jem
754 1136 847 1195 antea
866 1122 1060 1195 dictumest.

380 1246 413 1319 Si
433 1246 506 1344 quis
524 1244 673 1317 undecim
691 1244 763 1316 illos
776 1245 946 1345 scriptores
965 1273 1047 1344 quos
1064 1273 1130 1317 uno
1148 1246 1298 1318 asterisco
1318 1247 1422 1317 notavi
1437 1274 1509 1318 curn
1528 1246 1591 1318 illis

326 1368 541 1467 composuerit
560 1367 614 1468 qui
639 1366 747 1439 codice
770 1366 1034 1466 Geograplrorum
1057 1367 1239 1440 Graecorum
1258 1368 1419 1439 minorum
1442 1366 1589 1439 Parisino

325 1489 431 1589 suppl.
454 1517 501 1587 gr.
527 1500 560 1560 n⁰
581 1485 690 1561 bl3l¹l
714 1489 931 1574 continentur,
951 1488 1084 1561 babebit
1111 1516 1227 1588 corpus
1251 1489 1298 1560 vel
1320 1491 1486 1581 σύνταγμα
1507 1489 1592 1560 Geo-

326 1613 522 1712 grapborum
547 1612 732 1683 Graecorum
758 1612 924 1684 minorum
951 1612 1018 1683 lcre
1044 1611 1222 1709 integrum,
1246 1610 1301 1682 sed
1326 1611 1359 1682 in
1384 1611 1465 1683 duos
1490 1625 1592 1682 tomos

327 1734 481 1815 divisum,
503 1733 615 1835 quales
634 1733 807 1805 verisimile
826 1734 926 1806 estin
949 1733 1146 1806 bibliotheca
1163 1732 1376 1804 Alexandrina
1399 1732 1476 1805 olim
1498 1733 1593 1805 exsti-

327 1856 417 1939 usse,
443 1854 500 1926 ubi
521 1881 592 1926 cum
616 1854 788 1927 Ptolemaeo
814 1868 845 1927 et
867 1853 1026 1928 Strabone
1053 1854 1094 1926 ad
1119 1855 1300 1926 universam
1326 1854 1591 1954 Geograpborum

328 1978 512 2051 Graecorum
528 1976 750 2048 collectionem
763 1976 977 2076 pertinebant.
993 1977 1103 2078 Neque
1123 1976 1208 2048 ullus
1226 1975 1339 2048 dubito
1353 1976 1432 2075 quin
1449 1975 1490 2047 ad
1506 2003 1592 2047 eam·

328 2101 402 2172 dem
420 2099 642 2172 collectionem
661 2099 835 2171 relerendae
852 2099 916 2171 sint
935 2097 1052 2171 tabulae
1070 2098 1133 2170 illae
1152 2098 1373 2199 geographica¹
1390 2097 1430 2170 ab
1449 2097 1592 2196 Agatho-

328 2223 474 2295 daemone
497 2220 713 2293 Alexandrino
737 2221 923 2293 mechanico
947 2220 1131 2305 delineatae,
1152 2248 1289 2320 quarum
1308 2220 1403 2292 codex
1428 2220 1591 2293 Ptolemaei

329 2344 493 2417 Parisinus
509 2344 645 2415 n⁰1t01
667 2342 843 2443 specimina
860 2342 958 2414 tradit
966 2342 1200 2442 pulcherrima,
1213 2341 1396 2444 quibusque
1411 2355 1495 2414 totus
1507 2342 1592 2413 orbis

327 2467 480 2568 antiquus
497 2465 716 2566 persingulas
733 2479 840 2564 partes
858 2463 1003 2565 depictus
1022 2464 1214 2537 continetur.

822 2736 982 2807 cartu
1019 2737 1097 2808 vn.

696 2905 748 2959 nn
769 2902 954 2959 nnrronr
975 2903 1229 2958 scnrrrunre.

378 3076 544 3176 Scriptura
565 3073 827 3146 membranarum
850 3073 970 3175 quibus
995 3073 1137 3172 Dionysii
1158 3072 1302 3174 dneplus
1321 3073 1458 3146 traditur
1475 3075 1591 3174 spissa.

329 3199 467 3283 minuta,
484 3197 629 3298 praten,
644 3211 680 3268 ut
688 3198 756 3296 jam
772 3210 866 3268 antea
880 3195 1002 3269 dictum
1016 3210 1078 3279 est,
1095 3194 1238 3267 indolem
1254 3195 1360 3267 saeculi
1376 3195 1591 3269 decimitertii

326 3319 481 3392 ineuntis.
497 3319 657 3390 Numerus
677 3344 828 3389 versuum
847 3318 879 3388 in
899 3316 1010 3417 quavis
1025 3315 1152 3417 pagella
1169 3330 1216 3388 est
1234 3316 1359 3388 circiter
1379 3317 1442 3397 bb,
1457 3318 1593 3417 exceptis

328 3456 434 3513 tamen
447 3439 583 3541 pagellis
600 3440 639 3511 iis
657 3467 729 3539 quae
747 3439 972 3538 inscriptiones
985 3438 1033 3510 vel
1049 3438 1301 3538 subscriptiones
1317 3437 1476 3510 librorum
1490 3441 1593 3510 conti-

326 3577 404 3635 nent
422 3560 598 3635 rubricatas
611 3576 709 3661 atque
724 3562 839 3633 litteris
853 3560 1081 3658 grandioribus
1093 3574 1251 3644 exaratas,
1267 3559 1353 3632 unde
1374 3561 1408 3632 lit
1425 3575 1460 3631 ut
1478 3561 1510 3632 in
1528 3589 1591 3633 una

326 3684 376 3757 vel
395 3685 493 3757 altera
510 3683 636 3784 pagella
648 3710 802 3756 numerus
815 3710 965 3756 versuum
981 3681 1078 3781 paulo
1094 3683 1199 3755 minor
1216 3682 1353 3753 exsistat.
1368 3684 1589 3756 Atramentum

327 3808 393 3881 lere
411 3808 443 3879 in
459 3805 611 3879 omnibus
622 3805 706 3877 bene
723 3819 899 3887 servatum,
918 3803 973 3875 sed
990 3804 1088 3876 ruber
1102 3804 1287 3906 liquorque
1303 3819 1385 3876 notae
1399 3805 1592 3903 marginales

325 3929 488 4030 pleraeque
507 3928 641 4027 appictae
664 3928 796 4000 luerunt
815 3927 865 3999 hie
885 3926 950 3998 illic
969 3927 1113 4009 evanuit,
1133 3928 1176 3999 ita
1195 3940 1230 3999 ut
1248 3927 1394 4026 quedam
1415 3927 1502 3999 baud
1523 3927 1591 3999 dis-

328 4052 424 4125 tincte
450 4066 637 4152 appareant.
665 4050 761 4135 Quod
789 4078 862 4122 vero
892 4049 932 4121 ad
960 4050 1118 4122 rationem
1145 4049 1436 4150 palaeographicam
1462 4050 1590 4125 attinet.

328 4175 447 4276 praebet
473 4172 570 4246 codex
599 4172 789 4274 compendia
815 4172 979 4271 scripturae
1005 4187 1036 4242 et
1059 4199 1139 4273 quas
1167 4187 1275 4244 vocant
1303 4172 1448 4270 legatores
1473 4199 1591 4269 magno

326 4296 459 4397 quidem
474 4321 626 4377 numero,
643 4294 699 4367 sed
719 4293 832 4366 eadem
852 4295 917 4366 lere
935 4321 1008 4365 cum
1027 4293 1090 4365 illis
1109 4293 1229 4392 quaein
1246 4292 1316 4363 aliis
1335 4292 1477 4392 ejusdcm
1492 4295 1592 4366 aetatis

326 4418 490 4491 codicibus
510 4431 697 4501 occurrunt,
718 4417 761 4489 ita
782 4431 816 4489 ut
835 4416 943 4488 omnia
964 4430 1048 4488 certa
1068 4415 1138 4514 lege
1156 4414 1306 4516 explicari
1325 4430 1455 4517 queant.
1475 4415 1522 4488 Dc
1541 4444 1590 4488 ce-

363 4688 386 4730 o)
410 4689 445 4742 De
459 4688 506 4743 hoc
517 4687 600 4743 codice
617 4686 735 4741 consule:
755 4690 782 4763 ‚¹⁰
797 4687 824 4741 E.
843 4685 924 4740 Miller
998 4686 1079 4757 ropale
1096 4686 1192 4755 (Paris,
1213 4685 1369 4758 Imprimerie
1389 4686 1482 4758 copulo,
1507 4686 1591 4757 1839.

325 4770 925 4853 PdipledoMqrciend'Hdracldc,Epitomcd'dr·
998 4771 1090 4842 in-8⁰);
1114 4774 1140 4826 θ’
1159 4773 1280 4825 Letronne
1303 4768 1406 4823 truncat
1428 4771 1469 4824 dec
1489 4769 1592 4824 Soudeta

326 4858 436 4913 emtum
453 4856 583 4930 d’prdcc,
598 4855 687 4910 Isidore
697 4856 726 4910 dc
744 4854 855 4918 Charax,
869 4866 922 4918 cte,
1002 4857 1084 4927 1839.
1098 4875 1123 4929 p.
1139 4858 1186 4910 231
1204 4863 1228 4909 ct
1240 4874 1309 4929 sqq.;
1323 4856 1350 4910 3⁰
1362 4855 1389 4910 C.
1403 4854 1492 4910 blidler
1506 4855 1592 4926 Gorge.

326 4943 423 5016 d’cprdr
437 4962 469 4998 un
479 4943 611 4996 manuscrit
619 4959 677 5014 grec
686 4940 715 4995 de
726 4941 750 4994 ta
764 4938 924 5014 Br'btr'otbtqno
1000 4939 1043 4992 Gr.
1057 4941 1114 4993 mire.
1129 4948 1145 4993 t.
1155 4941 1178 5001 l,
1188 4959 1211 5014 p.
1224 4959 1255 4994 n.

1367 5073 1394 5107 C.
