4282 6368
534 603 570 666 ΙΝ
593 601 778 664 DlONYSll
801 600 994 664 nlleTn
1016 599 1210 661 ANllPLUll
1234 598 1418 662 BOSPORl.
1569 601 1607 661 53

343 746 370 805 P.
387 746 423 806 32
434 793 440 805 .
453 745 469 805 l.
482 768 510 828 q.
533 753 569 821 τῇ
584 748 676 825 σεύρμ
687 742 753 826 τοῦ]
770 743 808 805 sic
820 742 1027 827 apographum,
1041 761 1163 824 quocum
1179 740 1312 801 consentit
1332 739 1406 801 lliill.
1423 752 1459 818 τῇ
1474 742 1545 823 παρ’
1562 747 1610 800 ού-

572 850 639 907 ross
654 846 742 908 Yatas.

428 950 443 1011 l.
465 952 510 1012 13.
534 949 687 1033 Λυκάόιον]
708 950 746 1010 sic
769 948 975 1033 apographum,
997 946 1044 1008 sed
1068 947 1140 1009 idem
1162 970 1239 1010 versu
1262 949 1418 1033 insequenti
1440 949 1608 1019 Χυκλύόιον,

574 1051 648 1114 unde
662 1051 769 1114 videtin
783 1053 900 1136 scriptor
914 1051 1016 1112 codicis
1031 1053 1103 1113 inter
1115 1061 1264 1135 utramque
1278 1052 1395 1113 formam
1410 1051 1534 1123 haesisse,
1547 1074 1611 1136 quas

573 1179 662 1241 quum
678 1156 788 1217 aliunde
798 1177 852 1216 uon
865 1156 899 1216 sit
916 1164 994 1224 nota,
1013 1176 1112 1217 nomen
1135 1156 1163 1215 in
1184 1155 1316 1239 ambiguo
1333 1164 1435 1216 manet.
1457 1154 1538 1217 Forte
1558 1157 1610 1239 ipsi

574 1260 705 1343 llionysio
719 1260 771 1322 luit
783 1282 825 1321 ras
840 1259 1018 1321 subobscura.
1033 1259 1112 1321 Certe
1127 1260 1155 1320 in
1169 1258 1262 1321 codice
1277 1257 1393 1320 Gilliann
1404 1258 1500 1321 eadem
1516 1281 1611 1320 occur-

575 1363 653 1425 rebat
666 1364 787 1425 nominis
797 1362 978 1448 ambiguitas,
990 1363 1095 1447 quippe
1108 1384 1197 1446 quum
1212 1363 1350 1446 scripserit
1362 1363 1458 1424 Gillias
1467 1361 1611 1444 Lycadium

573 1469 627 1528 sica
639 1466 790 1548 Cycladion.
806 1466 938 1528 Eamdem
955 1467 1099 1551 scripture
1112 1467 1323 1528 inconstantiam
1339 1467 1503 1529 invenerunt
1522 1468 1549 1527 iu
1565 1489 1611 1527 co

573 1571 633 1633 dice
649 1570 816 1633 londinensi
831 1571 911 1632 Yutes
922 1580 949 1632 et
965 1570 1039 1632 lliill.

428 1677 443 1735 l.
466 1676 510 1736 15.
533 1674 730 1758 σαράσημον]
747 1676 785 1736 sic
798 1674 1005 1760 apographum,
1021 1685 1094 1737 recte
1107 1685 1138 1736 ut
1157 1675 1226 1736 mihi
1241 1675 1354 1758 quidem
1371 1675 1486 1737 videtur.
1504 1676 1610 1737 Ponant

572 1783 730 1858 ναυμαχίας
744 1784 922 1860 σαραοιόμου
938 1776 1017 1839 l'ates
1029 1787 1055 1839 et
1069 1777 1208 1840 hlirllerus.
1225 1777 1277 1840 Sed
1293 1799 1343 1839 vox
1355 1783 1532 1861 σαρύσημος
1547 1781 1610 1841 alihi

574 1881 656 1942 etiam
672 1883 790 1943 occurrit
810 1881 884 1965 apud
900 1881 1063 1964 Dionysium
1082 1902 1146 1942 cum
1165 1881 1300 1965 genitivo,
1319 1880 1394 1942 verbi
1407 1883 1497 1967 gratia
1514 1905 1540 1966 p.
1559 1906 1609 1949 rs.

575 1985 591 2045 l.
603 2006 647 2068 9·¹
655 2010 688 2053 0,
700 1983 747 2045 uhi
757 1984 876 2068 legimus
887 1988 1065 2067 παράσημον
1077 1995 1128 2055 τῆς
1140 1988 1273 2066 μητρῴας
1286 1985 1460 2062 μοταέολῆς,
1472 1986 1610 2070 quemad·

576 2086 690 2149 niodum
703 2087 747 2148 hic
759 2092 938 2170 αιαράσημον
953 2094 1119 2167 ναυμαχίας.

345 2191 371 2250 Ρ.
386 2191 438 2258 33,
450 2191 468 2249 l.
485 2213 508 2251 ι.
533 2190 689 2271 λεγόμεναι
703 2191 769 2273 τοῦ]
781 2191 820 2252 sic
834 2191 1043 2275 apographum,
1059 2209 1179 2275 quocum
1198 2191 1331 2252 consentit
1347 2191 1434 2254 lates.
1453 2192 1609 2273 λεγόμεναι

570 2293 657 2376 [ἀπὸ]
670 2304 721 2353 τοῦ
733 2293 843 2377 supplet
854 2294 928 2356 llull.

449 2398 465 2457 l.
484 2397 510 2457 3.
535 2401 617 2478 σιμὰ
631 2398 712 2458 σολό
728 2396 760 2458 δὲ
775 2396 986 2480 ὑποδεέστερος
1000 2404 1016 2458 ό
1038 2398 1151 2481 ἕτερον]
1172 2400 1210 2459 sic
1227 2398 1337 2460 videtur
1354 2399 1511 2484 legendum.
1533 2400 1610 2460 Ponit

574 2505 657 2581 οιαρὰ
671 2501 753 2561 αιολύ
768 2501 799 2560 δέ
812 2496 1138 2584 ύποδεέσύοροςοιιιίοοο
1152 2508 1168 2562 ό
1184 2509 1283 2583 ἕτερος
1296 2501 1498 2588 apographum.
1515 2525 1610 2584 σαρα-
1673 2562 1676 2567 .

576 2602 668 2664 πολύς
687 2602 719 2664 δὲ
744 2602 852 2664 ὑπὸδὲ
874 2611 974 2686 ἔτερος
998 2604 1087 2666 Yates.
1109 2610 1192 2687 σιαρὰ
1211 2606 1292 2665 αιολό
1315 2604 1346 2665 δὲ
1367 2604 1611 2687 ύποδαέσόεροςό

575 2713 675 2788 ἕτερος
685 2717 758 2769 recte
766 2708 877 2790 supplet
887 2706 962 2769 ltnlt.
971 2707 1100 2791 Suspicor
1112 2709 1195 2769 luisse
1207 2710 1236 2768 in
1248 2710 1382 2792 scriptura
1395 2709 1496 2770 unciali
1510 2710 1611 2770 litteras

574 2809 679 2893 aliquot
693 2810 835 2881 evanidas,
851 2810 903 2872 hoc
920 2810 975 2872 lere
991 2811 1094 2873 modo:

749 2960 1421 3023 uuoheecreeocoeseeoc

574 3119 649 3181 unde
662 3119 791 3182 librarius
806 3121 978 3182 concinnavit
989 3122 1075 3183 solam
1087 3142 1180 3183 vocem
1191 3121 1409 3205 όιιοόεέσόερος.
1421 3123 1500 3185 Certe
1514 3124 1610 3185 Gillius

575 3232 679 3285 textum
687 3223 728 3285 vel
735 3224 890 3286 emandavit
897 3225 956 3308 ipse
964 3226 1005 3287 vel
1016 3247 1047 3286 ex
1057 3225 1202 3288 emendato
1213 3224 1496 3310 codicedeprompsit,
1506 3229 1610 3311 quippe

574 3348 661 3409 quum
677 3328 788 3388 verterit
801 3328 878 3388 rrrulto
892 3328 978 3388 minor
987 3328 1122 3389 secandus.

449 3429 465 3487 l.
484 3430 512 3488 5.
537 3430 692 3514 Μέτωιιον]
706 3432 745 3492 sic
753 3441 825 3493 certe
835 3431 982 3516 legendum
995 3454 1027 3492 ex
1034 3431 1253 3516 praecedentibus
1264 3435 1306 3516 (p.
1321 3434 1371 3505 ¹6,
1383 3434 1399 3494 l.
1411 3436 1428 3494 8
1438 3434 1480 3494 od.
1495 3444 1610 3495 nostrat

576 3534 623 3594 uhi
639 3545 810 3596 memoratur
819 3536 1040 3619 promontorium
1051 3535 1171 3617 Μοιοροο
1183 3537 1210 3596 in
1221 3535 1310 3597 littore
1322 3536 1457 3621 Europaeo
1467 3537 1540 3598 hisce
1551 3560 1611 3597 rer·
1741 3609 1746 3617 ‚

579 3637 620 3697 his
634 3661 641 3698 :
657 3639 807 3718 ἐκδέχεται
825 3636 860 3708 δὴ
878 3644 933 3708 τὴν
952 3632 1108 3721 Οσόρεώδη
1127 3645 1166 3697 τὸ
1188 3639 1410 3717 καλούμενον
1433 3645 1609 3700 Μέτωιιον.

576 3741 654 3801 Ponit
669 3741 862 3825 apographum
872 3746 997 3821 συνεχὲς
1008 3745 1055 3801 καλ
1068 3751 1109 3823 τῷ
1120 3745 1235 3824 σιόντῳ,
1249 3742 1418 3826 quodetiam
1433 3743 1516 3804 habet
1532 3743 1610 3804 l'ates

574 3865 605 3905 ex
620 3843 714 3905 codice
724 3844 904 3917 Londinansi
920 3845 969 3908 sed
983 3846 1100 3908 correxit
1112 3845 1251 3907 Mirllerus.

449 3949 465 4008 l.
482 3950 510 4008 o.
534 3945 635 4030 μεθ’ό]
645 3948 707 4026 μού
715 3948 964 4033 hsapngraphum,
973 3970 1094 4033 quocum
1102 3948 1331 4010 consentitl'ates.
1344 3949 1424 4010 llecte
1435 3950 1497 4025 μεθ’
1508 3950 1608 4011 olliill.

450 4051 517 4112 ibirl.
535 4050 731 4134 περιγράφει]
743 4058 928 4134 σιεριγμαφὲς
942 4052 1148 4137 apographum,
1162 4056 1343 4134 σερύγραφει
1358 4052 1452 4120 lates,
1468 4060 1611 4135 περιγρά-

574 4163 624 4232 φει
640 4154 715 4216 Mull.
732 4155 813 4217 Recte
827 4156 1016 4218 circumscribit
1029 4155 1091 4218 Gill.

388 4256 404 4317 l.
424 4261 510 4318 8-11.
536 4257 623 4319 Verba
635 4258 773 4329 κέκληται
787 4257 819 4319 δὲ
831 4259 1016 4341 Χρυσόπολιν
1030 4259 1063 4341 (l.
1081 4261 1116 4341 8)
1131 4280 1219 4344 usque
1235 4259 1272 4320 arl
1286 4252 1492 4339 Ᾱγαμόμνονοι
1507 4261 1540 4341 (Ι.
1562 4272 1609 4331 ιι)

574 4374 722 4424 occurrunt
736 4361 812 4447 apud
826 4363 997 4447 Stephanum
1015 4363 1193 4448 Byzantium,
1214 4362 1262 4424 sed
1278 4373 1319 4424 est
1336 4362 1428 4447 aliqua
1448 4364 1477 4424 in
1497 4363 1610 4426 lectione

574 4463 725 4526 diversitas.
748 4464 817 4527 Nam
840 4464 889 4528 ubi
908 4470 1014 4548 σύρων
1034 4465 1195 4550 Dionysius,
1211 4465 1294 4528 habet
1314 4465 1436 4526 σόλεων
1455 4467 1609 4552 Stephanus

572 4568 702 4646 (σώλωυ
716 4569 744 4630 in
761 4568 866 4653 aliquot
881 4568 961 4631 codd.
978 4568 1079 4631 Confer
1096 4568 1245 4632 Gillianum
1261 4569 1295 4631 οό
1312 4592 1415 4632 ansius
1430 4570 1556 4652 tributis).
1569 4608 1609 4618 -

578 4677 616 4732 ὡς
627 4671 659 4732 δὲ
676 4677 704 4732 cl
718 4672 844 4733 willelnus
859 4672 1019 4756 Dionysius,
1032 4678 1058 4733 ol
1071 4672 1102 4733 δὲ
1112 4673 1237 4734 chalcus
1255 4673 1419 4757 Stephanus.
1430 4711 1471 4721 —
1486 4674 1611 4735 critolaus

574 4779 690 4858 Χρύσου
706 4776 868 4860 Dionysius,
888 4775 1013 4836 achelous
1028 4781 1085 4836 ἀπό
1099 4781 1215 4858 Χρύσου
1232 4776 1401 4860 Stephanus,
1418 4778 1494 4861 quod
1509 4780 1610 4861 recepit

575 4879 603 4939 in
617 4879 742 4963 Dionysii
754 4890 858 4942 textum
872 4878 1003 4940 llirllerus
1018 4878 1140 4940 scribens
1151 4878 1277 4940 σιλεύους
1292 4879 1359 4962 [ἀπὸ
1376 4879 1438 4963 τοῦ]
1451 4884 1576 4963 Χρύσου.

426 4984 441 5041 l.
464 5006 509 5043 ιι.
532 4980 637 5064 τάφοι]
653 4982 692 5043 sic
704 4982 908 5066 apographum.
924 4986 1018 5058 τάφου
1030 4980 1108 5044 lates
1122 4990 1151 5043 et
1160 4980 1235 5044 lllirll.
