4282 6368
601 544 897 609 curttruutarto
919 543 1288 616 Putuoottarltlct.
1527 569 1569 608 ru

308 692 470 775 ciduntur,
491 689 664 791 prasertim
687 688 820 762 vocales.
846 688 949 761 llabet
971 688 1056 760 enirn
1081 687 1177 760 codex
1200 687 1455 761 abbreviationes
1480 689 1570 787 ejus-

309 814 394 887 modi
416 845 424 886 τ

392 1069 452 1144 μ-θς
467 1077 504 1096 =
524 1052 639 1128 emode-

391 1171 448 1245 μρα
464 1180 501 1198 =
520 1152 638 1230 μητέρα.

392 1257 471 1322 ἀνίνη
488 1283 526 1301 -·=
543 1255 715 1334 ἀνθρωπίνη.

391 1339 518 1431 φιλῖνως
534 1386 571 1405 --
588 1355 805 1437 φιλανθρώπως.

391 1442 539 1539 ἐοί-ρωσεν
554 1490 591 1508 --·
609 1460 793 1541 ἐοίαὺρωαεν
805 1456 869 1538 (ubi
881 1456 1034 1518 carendum
1049 1457 1157 1541 nequis
1172 1458 1244 1541 legat
1259 1460 1432 1540 ἔσίρωοεν).

390 1547 526 1638 ἀνῖμιμος
542 1593 579 1612 --
596 1564 816 1644 ἀνθρωπὸμιμος
831 1559 894 1640 (ubi
909 1559 1059 1622 cavendum
1075 1582 1110 1622 ne
1125 1561 1188 1645 quis
1203 1561 1276 1645 legat
1291 1565 1450 1641 ἀνὸμιμος).

358 1787 595 1888 Compendium
623 1789 872 1890 scripturaeque
896 1789 1117 1889 diphthongus
1139 1820 1172 1860 εν
1195 1790 1382 1888 exprimitur
1408 1791 1569 1863 interdum

307 1935 379 1980 cum
394 1907 491 1980 vocali
509 1940 528 1979 α
542 1910 760 1982 confunditur.
779 1911 898 2010 Nempe
913 1911 947 1983 in
964 1910 1072 1982 libello
1085 1910 1389 1983 Pseudo-Plutarchi
1405 1913 1451 1983 De
1465 1913 1570 1984 fluviis

307 2029 554 2129 supralaudato
574 2030 630 2102 ubi
649 2031 767 2130 legitur
783 2039 919 2132 ἀφορίαν
933 2031 1033 2134 (XVl,
1052 2061 1084 2115 1‚·
1102 2061 1133 2132 p.
1159 2031 1230 2103 bbb
1255 2032 1305 2105 ed.
1328 2032 1453 2135 llud),
1473 2035 1570 2107 codex

307 2165 415 2224 noster
432 2152 524 2252 pouit
541 2158 702 2253 εὐφορίαν.
722 2154 815 2228 Unde
830 2154 912 2228 lorte
928 2138 1122 2233 Ᾰπαθίππης
1137 2154 1328 2226 mutandum
1349 2155 1380 2225 in
1400 2160 1528 2228 Εὑπαθί
1551 2201 1568 2210 -

306 2306 368 2352 πνς
385 2272 481 2374 (ibid.
501 2275 574 2357 Vll,
594 2302 620 2351 r.
638 2275 709 2348 vide
728 2276 810 2347 inlra
829 2306 860 2377 p.
884 2273 958 2376 gb).

361 2489 394 2559 6⁰
421 2489 563 2561 Puueruu
587 2517 698 2562 uuruur
724 2517 786 2562 uon
808 2490 912 2563 solum
935 2491 1028 2587 vulgo
1052 2490 1244 2562 vocalibusl
1267 2505 1299 2562 et
1320 2495 1349 2562 Υ
1372 2492 1568 2591 superindu-

306 2611 388 2682 citur
405 2608 449 2712 (ἴ,
471 2610 520 2711 ὓ),
545 2613 633 2712 quod
659 2612 728 2685 sieri
753 2612 833 2685 solet
861 2613 893 2684 iu
920 2613 991 2685 aliis
1019 2613 1163 2712 ejusdem
1191 2614 1292 2685 aetatis
1315 2614 1494 2698 codicibus,
1513 2616 1567 2688 sed

307 2733 443 2804 occurrit
468 2734 501 2805 in
530 2734 579 2804 bis
605 2734 800 2807 membranis
824 2736 920 2807 etiam
948 2735 986 2807 iis
1009 2735 1172 2836 scripturae
1196 2735 1394 2834 compendiis
1417 2738 1569 2835 superiu-

306 2853 439 2926 ductum
461 2854 580 2955 quibus
599 2856 714 2928 vocalis
734 2860 749 2927 l
769 2857 923 2958 implicita
944 2856 1137 2940 continetur,
1157 2884 1272 2957 nempe
1298 2857 1427 2957 syllabis
1445 2890 1475 2929 νν
1492 2872 1523 2929 ct
1542 2891 1569 2931 ις

306 2976 361 3077 (tv,
377 2973 433 3077 ἴς),
452 2990 484 3049 et
501 2977 586 3049 notis
604 2976 723 3076 quibus
742 2978 873 3074 verbum
892 2985 959 3051 ἐσίι
975 2978 1023 3051 vel
1041 2985 1127 3051 ἐοίιν
1143 2979 1353 3078 exprimitur:
1374 3008 1470 3080 quem
1490 2982 1568 3052 scri-

305 3097 403 3168 bendi
424 3125 547 3171 morem
567 3099 670 3171 rarius
689 3099 795 3171 inveni
812 3100 845 3171 in
864 3100 1038 3173 codicibus.

360 3322 393 3410 7⁰
420 3312 488 3384 lorr
514 3339 727 3397 suusomrruu,
750 3313 838 3412 quod
859 3313 893 3385 iu
918 3312 1081 3386 codicibus
1105 3315 1211 3387 saeculi
1237 3314 1352 3388 decimi
1376 3317 1567 3417 plerumque

305 3431 508 3518 adscribitur,
528 3447 563 3505 ut
581 3461 649 3506 mos
667 3449 714 3507 est
739 3435 771 3506 in
794 3436 1026 3519 marmoribus,
1048 3436 1081 3507 in
1102 3436 1211 3509 codice
1236 3451 1343 3508 nostro
1362 3437 1427 3509 lere
1447 3439 1566 3537 ubique

305 3554 490 3653 negligitur.
508 3555 576 3638 Sic,
596 3556 729 3656 exempli
747 3584 859 3635 eausa,
878 3557 976 3630 babet
993 3558 1026 3630 iu
1047 3558 1168 3658 duaplo
1189 3558 1320 3658 bospori
1342 3589 1349 3628 :

388 3736 536 3793 ἀπώκισαν
553 3764 590 3782 ==
606 3735 763 3814 ἀπῴκισαν.

388 3839 517 3917 &pluteo
534 3867 571 3885 =
587 3840 720 3918 Θρᾴκιον.

388 3939 406 4008 ἦ
423 3968 460 3987 =
478 3939 505 4015 tl·

388 4038 479 4120 ὀλίγω
496 4072 533 4090 :2
550 4039 650 4123 ὀλίγῳ.

387 4143 537 4225 αεριθόλω
554 4175 591 4194 --
607 4144 766 4229 περιέύλῳ.

386 4245 484 4305 κύκλον
500 4279 536 4297 =
553 4247 660 4330 κύκλῳ.

387 4355 486 4419 &aare
503 4382 540 4401 =
557 4360 664 4428 ᾐτιᾶτο.

386 4458 472 4533 χρεία
488 4486 525 4504 =
540 4461 633 4535 χρείᾳ.

387 4560 512 4635 ἀσαφεία
527 4562 574 4618 καί
588 4556 694 4618 πλάνον
710 4590 747 4609 --
765 4563 890 4641 ἀσαφείᾳ
904 4564 950 4619 καί
963 4561 1076 4644 πλάνῳ.

387 4665 476 4742 ἤρονν
494 4693 531 4712 =
547 4667 644 4744 ᾔρονν.

386 4768 483 4836 actvm
500 4797 536 4816 =
553 4769 660 4844 We·

388 4865 526 4938 θαλάτίη
542 4900 579 4918 =
594 4869 741 4948 ostada.

387 4978 450 5051 χρῶ
466 5001 503 5022 =
519 4981 583 5055 χρῷ
598 4972 661 5053 (ubi
676 4971 828 5035 cavendum
845 4994 879 5035 ue
893 4973 1077 5035 confundatur
1091 4996 1153 5036 curu
1169 4984 1260 5058 χρῶο
1276 4980 1426 5058 χροίομαι).
