4282 6368
595 542 889 607 COMMENTATIO
911 542 1279 608 PALAEOGRAPHICA.
1500 574 1565 614 axau

637 698 742 745 vocator
762 709 779 745 o
801 683 943 769 Dionysio,
965 686 1018 746 oi'si
1032 685 1129 747 codicis
1145 702 1259 749 erratum
1276 690 1318 752 sit.
1336 690 1468 756 Praeterea
1485 694 1567 755 habet

636 789 765 870 Apoaaios
779 787 827 851 Go.

301 892 329 954 P.
351 917 396 963 io.
415 893 431 954 Ι.
477 919 495 953 i.
582 897 682 975 Σαπρά
697 892 855 977 Θάλασσα]
871 892 944 955 idem
959 914 1060 956 nomen
1075 892 1127 955 Gb.
1143 893 1206 956 Iade
1217 917 1298 977 supro
1311 896 1437 960 Thalassa
1448 900 1486 961 Ge
1502 901 1564 981 (ubi

635 996 778 1058 manifesto
793 996 987 1081 corrigendum
1003 1020 1084 1079 sapio
1099 998 1127 1058 in
1141 998 1254 1080 Sapra).

321 1100 389 1162 ibid.
414 1100 431 1161 Ι.
452 1101 498 1162 15.
584 1100 765 1184 Βλαχέρνας]
780 1100 941 1162 Blachernos
955 1100 1007 1162 Gb.
1025 1099 1099 1162 idem
1114 1100 1162 1163 Go.

301 1203 328 1266 P.
350 1227 395 1274 ιι.
414 1203 430 1265 Ι.
470 1205 497 1264 Ι.
584 1203 684 1287 εὔὲοα]
701 1203 775 1265 boam
790 1203 933 1265 nutricibus
944 1204 995 1265 Gb.
1008 1203 1085 1266 Unde
1102 1203 1209 1266 videtui·
1219 1206 1247 1266 in
1259 1206 1352 1268 codice
1362 1208 1477 1270 Gissiono
1493 1209 1565 1270 idom

636 1318 757 1369 erratum
773 1307 855 1370 fuisse
870 1318 953 1393 atque
965 1308 992 1370 in
1008 1318 1110 1370 nostro.
1127 1307 1188 1392 lpse
1203 1310 1304 1394 aonjoei
1320 1313 1431 1374 eoem.

300 1410 328 1470 P.
350 1432 395 1479 is,
411 1411 430 1471 Ι.
450 1435 496 1474 10.
582 1410 681 1494 τύποι]
697 1412 752 1493 typi
765 1410 817 1473 Gb.

299 1513 328 1573 P.
347 1535 395 1583 oi,
410 1514 429 1574 Ι.
469 1516 495 1575 tt.
583 1519 684 1593 ὁμοίαν
695 1514 872 1598 ἀνδριάντος]
883 1515 992 1576 similam
1002 1529 1093 1576 statae
1107 1516 1180 1575 virili
1190 1515 1241 1576 Gb.
1254 1517 1308 1578 Sed
1320 1517 1356 1579 ibi
1370 1519 1563 1603 corrigendum

632 1618 736 1679 similis.
753 1616 830 1679 Unde
846 1617 954 1680 videtur
967 1628 1089 1679 erratum
1105 1617 1180 1679 idem
1193 1619 1219 1679 in
1233 1628 1350 1703 utroque
1366 1621 1458 1683 codiee
1471 1622 1563 1683 fuisse.

633 1720 695 1805 lpse
709 1722 736 1783 in
752 1731 827 1784 textu
841 1743 932 1807 graeco
946 1723 1049 1805 conjeci
1068 1727 1161 1799 ὁμοία.

299 1825 327 1885 P.
346 1826 428 1893 :tat
467 1826 494 1884 5.
581 1825 975 1909 l'posooxtafflrooaohion.

320 1926 387 1988 ibid.
412 1928 429 1989 Ι.
451 1950 497 1988 11.
583 1928 629 1989 ἐπ’
645 1933 720 2010 αὐτῷ
735 1922 882 2013 ὀξύρρους
897 1927 983 2011 ἄκρα]
999 1927 1080 1989 verba
1098 1929 1194 1990 eadem
1212 1932 1311 2013 repetit
1327 1931 1382 1999 tib,
1399 1933 1447 2014 qui
1463 1932 1563 1994 deindo

633 2032 713 2094 vertit
728 2057 736 2091 :
753 2033 780 2092 io
794 2033 851 2114 ipso
865 2033 906 2092 oei
914 2046 976 2113 post
989 2033 1073 2113 ipsum
1087 2049 1126 2095 ost
1135 2035 1338 2115 promontorium
1356 2034 1533 2114 Osyrriioom.

298 2135 327 2195 P.
345 2136 393 2201 3),
412 2135 427 2196 Ι.
470 2159 494 2197 ι.
582 2140 629 2196 est
644 2135 668 2194 δ’
682 2134 836 2219 αὐτῷ]ἐπΙ
851 2134 882 2195 δὲ
898 2140 972 2217 αὐτῷ
990 2135 1039 2198 Gb.

319 2236 388 2299 thid.
411 2238 429 2298 Ι.
466 2241 494 2300 8.
581 2238 709 2322 attens]
727 2238 892 2301 Ctatcedooii
907 2238 991 2321 ipsam
1008 2238 1118 2299 insulam
1133 2240 1262 2322 appellant
1276 2239 1391 2310 attens
1405 2239 1456 2299 Gb.

318 2339 494 2402 lbid.t.13.
580 2340 755 2425 περίρρουν]
771 2347 932 2425 περίρρουν
942 2343 1148 2424 promontorium
1160 2340 1211 2403 Gb.

319 2442 387 2505 ibid.
411 2443 427 2504 Ι.
449 2445 494 2506 iit.
580 2444 718 2505 Λυκάδιον
734 2475 772 2495 =
789 2442 961 2528 Κυκλάδων]
976 2444 1120 2525 Lycadium
1131 2445 1187 2505 sioo
1203 2443 1342 2527 Cycladion
1354 2445 1410 2509 Gt.
1427 2448 1474 2528 qui
1491 2447 1561 2506 intes·

631 2558 783 2633 utrumque
796 2547 876 2608 haesit
890 2556 920 2609 ut
932 2556 1025 2609 noster
1039 2546 1131 2609 codex.

297 2650 324 2712 P.
343 2652 392 2721 33,
408 2653 425 2713 Ι.
468 2675 492 2712 1.
579 2639 668 2732 Ᾰκραι
683 2644 847 2734 Ροιζοῦσαι]
862 2644 1011 2721 Ροιζοῦσαι
1025 2654 1106 2732 ἄκραι
1121 2674 1156 2711 ea
1170 2675 1199 2711 oo
1214 2652 1350 2712 aoooiooao
1365 2652 1416 2713 ab.

349 2907 491 2976 Laconas
509 2933 589 3004 quos
611 2905 717 2977 notavi
739 2933 770 3004 p.
791 2906 851 2989 13,
869 2904 890 2975 Ι.
909 2934 919 2975 ι
936 2935 965 2985 ¹,
985 2904 1040 2975 ubi
1059 2905 1165 3001 agitur
1183 2903 1223 2974 do
1241 2919 1339 3003 ponte
1356 2904 1512 3006 Philippi,
1529 2921 1560 2976 et

295 3056 327 3128 p.
342 3059 352 3099 ι
365 3027 435 3110 Ιι,Ι.
455 3026 585 3111 10‚ubi
602 3028 686 3099 inter
701 3027 770 3098 loca
788 3027 957 3126 Canopum
976 3040 1007 3098 et
1025 3026 1192 3123 tlhoeragia
1212 3053 1329 3098 nomen
1348 3025 1409 3098 loci
1427 3027 1557 3101 excidit.

294 3150 430 3222 sensisse
452 3177 517 3220 non
536 3148 662 3222 videtur
679 3149 805 3222 Gittius.
825 3148 959 3221 Easdem
984 3148 1115 3220 lacunas
1134 3149 1166 3218 in
1189 3163 1296 3219 nostro
1318 3147 1425 3219 ooslioe
1445 3150 1559 3220 tacitus

295 3272 423 3344 admisit
438 3271 599 3343 librarius.

344 3396 428 3466 Sunt
442 3407 548 3465 autem
563 3393 617 3464 alii
630 3392 706 3476 loci,
720 3419 825 3492 nequo
840 3391 887 3463 itti
901 3392 1083 3492 pauciores,
1096 3392 1129 3462 in
1147 3391 1264 3490 quibas
1279 3391 1392 3464 Gillias
1409 3393 1556 3490 aliquan-

295 3531 361 3588 tum
374 3515 521 3588 recedita
537 3515 645 3587 codiee
661 3529 778 3587 nostro.
794 3516 883 3599 Quos
902 3542 987 3585 nuno
1004 3542 1038 3585 ox
1053 3514 1152 3586 altera
1166 3529 1256 3613 parte
1273 3540 1435 3613 apponere
1444 3516 1531 3612 javat
1547 3547 1553 3584 :

294 3741 321 3801 P.
361 3742 389 3809 5,
405 3741 423 3801 Ι.
445 3763 489 3801 11.
514 3732 565 3799 Ινὼ
579 3743 633 3809 τὴν
648 3731 765 3820 Ινάχου]
779 3737 810 3799 Io
824 3736 917 3798 toaoti
930 3737 981 3798 Gb.
996 3737 1075 3798 Recto
1090 3745 1251 3797 correctum.

294 3844 322 3906 P.
361 3847 389 3914 6,
406 3843 423 3904 Ι.
465 3867 490 3905 1.
514 3840 606 3924 λατός]
621 3840 691 3923 lapis
705 3840 747 3901 Gt
762 3840 857 3924 (quasi
873 3839 982 3923 legisset
997 3839 1102 3917 λίθος).

294 3948 322 4009 P.
360 3969 388 4030 7,
405 3948 421 4007 Ι.
460 3972 488 4029 9.
512 3950 539 4006 οἱ
553 3949 608 4007 σὺν
625 3943 750 4027 Δαρείῳ]
766 3944 792 4003 ia
807 3944 968 4026 expeditione
984 3942 1047 4024 Cyri
1064 3942 1119 4012 Gt»,
1136 3943 1184 4027 qui
1200 3942 1313 4003 Darium
1329 3953 1355 4002 et
1370 3943 1473 4025 Cyrum
1489 3964 1555 4003 con-

565 4048 663 4111 fundit.

293 4156 321 4217 P.
360 4180 388 4235 ρ,
404 4154 421 4214 Ι.
443 4157 487 4215 15.
512 4151 664 4236 Περαῑκός]
682 4151 805 4215 Piroeious
819 4150 871 4212 Gb.

293 4259 320 4320 P.
342 4258 387 4328 13,
404 4258 420 4319 Ι.
442 4281 488 4319 11.
511 4254 644 4338 Αὑλεών]
656 4255 759 4317 Aulona
772 4253 823 4315 Gb.

292 4361 320 4421 P.
342 4361 388 4429 ilo,
405 4360 421 4421 Ι.
461 4361 488 4420 is.
512 4365 649 4420 Ko'oossos
663 4357 762 4441 Κῠθρι]
780 4356 847 4419 Coti
860 4356 960 4438 Canopi
977 4356 1020 4418 (ib
1038 4358 1101 4439 (qui
1121 4358 1190 4418 sorte
1209 4353 1324 4416 eredidit
1345 4361 1479 4415 Κάνωπος
1498 4380 1555 4416 esse

562 4463 714 4547 genitivum
730 4483 745 4522 a
760 4461 890 4543 Κάνωψ).

312 4568 381 4630 lbid.
404 4568 422 4628 Ι.
461 4569 488 4629 (i.
511 4565 602 4649 sivos]
618 4566 734 4626 iaoanoili
747 4565 790 4626 (ΙΙ)
805 4563 900 4650 (quasi
913 4563 1022 4647 legisset
1036 4566 1137 4645 τινες).

312 4671 380 4734 ibid.
403 4670 421 4732 Ι.
460 4672 488 4731 8.
510 4670 619 4741 aestas
634 4667 782 4751 ποταμός]
799 4666 986 4750 Cisonjiuoios
1000 4665 1043 4726 Gb
1056 4667 1151 4750 (quasi
1166 4677 1235 4728 esset
1248 4670 1383 4745 Kelossa).

292 4776 319 4836 P.
341 4777 386 4845 15,
402 4773 420 4835 Ι.
460 4776 486 4834 Ι.
510 4771 626 4855 ἰσθμός]
641 4771 790 4833 Isthmicum
803 4769 1007 4852 promontorium
1022 4768 1064 4829 Gb
1081 4770 1173 4851 (ilisasi
1191 4769 1325 4830 retulisset
1341 4790 1439 4829 ntottlen
1455 4772 1554 4841 ἰσθμὸς

562 4875 597 4936 ad
610 4876 813 4959 ἀκρωτήριον).

312 4981 380 5043 ibid.
404 4982 422 5041 Ι.
461 5003 488 5063 7.
512 4976 642 5061 ΣυκΙδες]
657 4977 770 5059 Syoodos
785 4975 835 5038 Gb.
