4282 6368
538 607 578 667 92
747 603 1043 667 SUPPLEMENTA
1065 605 1103 666 ΙΝ
1127 602 1404 671 GEOGRAPHOS
1425 605 1597 668 GRAECOS

811 743 858 806 Εν.

537 892 740 969 προσαγαγὼν

537 979 637 1067 λλμαν
651 989 792 1071 (ἀλμονΡ
808 988 883 1071 apud
900 988 942 1070 Μ)

539 1093 567 1153 3.
584 1093 626 1177 [ἐν
642 1091 727 1176 αύτῷ]

538 1200 651 1271 ἐκπέση

538 1304 693 1360 ἐπιτίθεται

539 1406 654 1485 ἕκρυσις

537 1511 636 1588 τούτῳ

540 1720 567 1779 Ιι.
584 1713 763 1791 καλούμενον

540 1826 632 1894 μισῶν

538 1917 759 2003 προσεξέθορεν
774 1920 1010 2002 (προσεξέθερεν
1027 1919 1045 1980 Ρ
1061 1918 1135 2002 apud

582 2022 624 2106 M)

536 2114 600 2209 Ᾰρη

538 2235 800 2312 προκαλεσάμενος

540 2334 568 2394 5.
583 2339 635 2393 τόν
648 2321 709 2415 λρη

539 2434 632 2507 XXIV,
650 2460 675 2499 ι.
689 2437 721 2496 δὲ
733 2443 767 2496 τό
777 2441 927 2520 πρότερον

539 2540 656 2608 Σόλλαξ

539 2648 571 2702 ἐν
584 2647 609 2702 α’
625 2647 697 2725 περὶ
707 2647 800 2703 Λύθων

539 2751 580 2807 ελς
594 2748 663 2826 (τόν
676 2751 911 2829 προειρημένην)
923 2753 1017 2829 τίγριν

540 2844 740 2934 λρισύώνυμος
755 2857 787 2911 ἐν
801 2852 831 2932 γ’

542 2978 569 3016 υ.
586 2954 691 3032 μυνδάν

540 3063 572 3117 ἐν
586 3058 614 3138 γ’
626 3063 700 3140 περὶ
714 3064 853 3136 Ποταμῶν

541 3161 569 3222 3.
586 3165 731 3244 Γαύρανον

540 3268 684 3348 Γαυράνου

541 3675 617 3758 ee]

540 3789 590 3838 τοῦ
605 3785 762 3861 Μαυσωροῦ
778 3788 871 3857 ταφῆς

541 3886 685 3964 Γαύρανον
698 3887 905 3960 μετωνομάσθη

542 3992 570 4052 λι.
587 3986 697 4067 βοτάνη
712 3990 795 4068 κριθῇ
810 3990 975 4068 παρόμοιος

541 4093 572 4148 ει
588 4089 676 4172 eme

542 4197 628 4275 μέχρι
640 4204 691 4264 τῆς
706 4199 832 4272 ἀνάγκης

540 4300 671 4356 Μυθικῶν
686 4299 819 4379 λούοριῶν
830 4308 1003 4377 συναγωγῆς

540 4398 621 4473 XXV,
642 4423 667 4462 1.
682 4410 739 4459 τῶν
751 4411 802 4460 τοῦ
817 4405 956 4460 Διονύσου

540 4510 762 4586 κανηφορούσαν
772 4506 1025 4584 (κανηφουροῦσαν
1035 4502 1054 4562 Ρ
1063 4503 1138 4587 apud

583 4607 627 4688 ιι)

541 4713 713 4790 ζητούμενος

543 4838 569 4876 υ.
585 4814 682 4875 Meos*
696 4818 992 4897 προσαγορευόμενος

542 4919 568 4979 3.
585 4922 687 4996 φύεται
701 4917 731 4977 δὲ
747 4923 779 4977 ἐν
792 4922 865 4998 αύτῷ
880 4923 926 4977 καλ
942 4917 1051 4998 βοτάνη

540 5022 673 5104 καμπύλη
688 5021 851 5099 καλουμένη

1476 746 1541 807 Con.

1210 892 1374 969 προσάγων

1211 989 1303 1068 άλμόν

1210 1092 1287 1155 deest

1211 1201 1326 1276 άμπέση

1146 1347 1150 1353 .
1211 1300 1459 1373 ἐπιτηδεύεται

1211 1405 1328 1466 ἔκλυσις

1209 1512 1307 1590 χρόνω
1320 1509 1415 1589 (verba
1432 1513 1478 1567 καὶ
1492 1512 1585 1568 τούτω
1596 1517 1637 1567 τῶ
1646 1512 1744 1590 χρόνω
1755 1514 1808 1577 τὴν

1253 1609 1472 1688 δεισιδαιμονίαν
1487 1611 1528 1671 bis
1544 1610 1641 1693 repetit
1655 1609 1765 1689 codex).

1210 1720 1351 1793 κούμενον
1365 1713 1464 1776 deinde
1478 1714 1657 1791 καλούμενον

1212 1827 1311 1895 μυσῶν

1211 1919 1431 2003 προσεξέθορεν

1212 2131 1284 2211 άρην

1212 2231 1494 2314 προσκαλεσάμενος

1211 2341 1262 2396 τόν
1278 2337 1350 2417 άρην

1212 2438 1243 2499 δὲ
1258 2443 1408 2520 πρότερον

1211 2539 1307 2608 σόλαΕ

1212 2650 1244 2705 ἐν
1255 2652 1365 2728 πρώτω
1378 2649 1451 2725 περὶ
1464 2642 1552 2702 λίθων

1212 2754 1253 2810 εις
1263 2754 1317 2819 τὴν
1331 2747 1548 2827 προειρημένην
1562 2749 1657 2825 τίγριν

1213 2852 1407 2935 άρισθώνυμος
1423 2853 1455 2908 ἐν
1471 2852 1557 2929 τρύτω

1213 2953 1311 3033 μινόάν

1213 3064 1245 3119 ἐν
1261 3064 1347 3141 τρύτω
1361 3061 1434 3141 περὶ
1447 3065 1588 3133 ποταμῶν

1211 3164 1321 3242 γαυράν
1333 3159 1487 3221 rubricator
1499 3160 1615 3220 οοιιειίῑ
1627 3159 1654 3219 in
1666 3168 1809 3241 γαόρανον

1211 3274 1321 3346 γαυράν
1331 3263 1419 3348 prime
1429 3284 1541 3327 manus.
1553 3262 1600 3323 sed
1614 3272 1766 3323 correctum
1781 3262 1808 3322 in

1253 3372 1409 3449 γαυράνου.
1427 3364 1492 3426 Haec
1506 3365 1652 3434 eorrectio,
1666 3373 1697 3425 ιιῑ
1711 3386 1811 3448 prece-

1254 3471 1396 3540 dens,suit
1408 3493 1424 3531 ιι
1437 3470 1606 3531 ιιιλιιίουῑοιε
1620 3469 1687 3530 sacta
1700 3469 1747 3552 qui
1759 3490 1808 3528 ιιο-

1255 3587 1296 3637 tae
1306 3574 1472 3658 marginales
1487 3573 1615 3633 exaravit.

1213 3680 1287 3741 deest

1211 3792 1262 3842 τοῦ
1274 3787 1418 3863 γαυράνου
1433 3787 1527 3857 ταφῆς

1214 3888 1424 3964 μετωνομάσθη
1438 3888 1590 3965 μαυσωρὸν

1214 3989 1323 4070 βοτάνη
1338 3993 1356 4061 ἡ
1371 3992 1455 4070 κριθῆ
1470 3988 1532 4047 ἐσύλ
1543 4001 1703 4067 παρόμοιος

1213 4092 1300 4153 ἐλαύω
1315 4092 1416 4153 omisso
1428 4095 1460 4150 ἐν

1214 4200 1315 4276 μέχρις
1327 4200 1453 4274 άνάγκης
1470 4193 1571 4254 omisso
1584 4203 1637 4263 τῆς

1213 4302 1330 4376 μυθικης
1346 4297 1471 4378 ἱσύορύας
1482 4301 1598 4376 α’γωγῆς

1212 4409 1269 4461 τῶν
1281 4401 1414 4461 διονύσου
1427 4400 1528 4461 omisso
1542 4408 1593 4459 τοῦ

1212 4511 1435 4586 κανηβοροῦσαν

1213 4714 1384 4788 μισούμενος

1213 4835 1313 4875 nomen
1327 4814 1403 4876 deest
1416 4825 1447 4874 ιιι
1459 4815 1486 4875 in
1505 4813 1625 4875 Palatino

1211 4921 1313 4996 φύεται
1328 4917 1359 4977 δὲ
1375 4917 1482 4999 βοτάνη

1212 5020 1288 5084 deest
