4282 6368
543 587 581 649 50
967 582 1196 645 ADNOTATIO
1218 582 1387 645 existet

542 729 571 790 P.
583 727 659 790 itt.
673 750 717 787 ss.
735 724 829 807 &coti
845 726 882 785 sic
897 723 988 785 codex.
1009 722 1094 786 Vertit
1108 724 1189 784 divini
1207 723 1316 789 Gillius.
1333 722 1447 807 perinde
1463 744 1494 784 ec
1510 723 1532 784 si
1548 723 1656 806 legisset
1671 723 1698 783 in
1714 722 1805 784 codice

772 838 872 893 θειοῦ.

625 933 641 992 Ι.
664 931 708 991 13.
732 929 892 1013 Αἰάντειόν]
904 933 1028 989 siderios
1042 927 1125 990 codex
1141 937 1253 1012 propter
1264 928 1435 989 iotacismnm
1449 949 1505 1011 qno
1517 949 1612 987 επεν.
1630 926 1708 987 Ponit
1723 927 1805 986 dinn-

772 1035 824 1094 tion
839 1033 868 1094 in
882 1032 1001 1093 editione
1012 1032 1135 1115 principe
1149 1029 1246 1092 Gittius
1260 1033 1303 1114 (p.
1321 1031 1385 1110 86).

541 1139 569 1199 P.
586 1162 631 1220 ¹7·
648 1139 665 1198 Ι.
683 1161 705 1198 x.
730 1144 748 1205 ἡ
763 1135 867 1219 πεῖρα]
884 1140 988 1218 ήπείρα
1000 1133 1092 1196 codex.

646 1242 662 1301 Ι.
674 1265 701 1323 7.
726 1239 837 1317 Δελφόν
851 1244 897 1299 καθ
911 1237 1070 1321 Καρόυδυς]
1087 1237 1230 1319 Delphines
1249 1252 1272 1297 et
1293 1235 1446 1298 Cioremdee
1465 1235 1574 1305 Gittius,
1595 1238 1674 1320 quasi
1696 1237 1804 1320 legisset

771 1341 924 1424 Χαράυόος.

625 1450 641 1509 Ι.
664 1473 707 1509 ιο.
730 1453 840 1517 σκευήν
850 1443 1083 1527 ἀμπισχόμενος]
1098 1445 1212 1506 conexi.
1222 1444 1300 1505 Ponit
1308 1448 1506 1523 ἀποσχόμενος
1516 1443 1608 1505 codex.
1620 1442 1720 1505 Confer
1732 1443 1804 1504 drio-

769 1549 812 1609 nis
823 1547 943 1609 t'nbulnm
956 1546 1031 1631 epnd
1046 1546 1175 1608 Herodot.
1191 1547 1216 1617 Ι,
1228 1568 1297 1616 xxxv,
1316 1548 1342 1609 5.

624 1655 640 1714 Ι.
663 1676 707 1713 ιν.
731 1650 885 1734 ἀποθθσει]
901 1651 1012 1734 conjeci.
1029 1650 1108 1711 Ponit
1125 1650 1256 1710 ἐπιθάσευ
1275 1648 1359 1711 codex
1379 1659 1532 1712 correctum
1553 1650 1579 1710 in
1596 1648 1746 1709 ὑποέθσει.
1762 1649 1802 1710 Gt.

771 1755 912 1815 ἀπόθεσιν
926 1765 977 1824 τῆς
992 1753 1145 1824 &addeins
1156 1756 1199 1837 (p.
1216 1777 1244 1836 7,
1261 1753 1277 1814 Ι.
1293 1755 1311 1815 8
1324 1753 1367 1814 ed.
1384 1757 1509 1833 nostre).

542 1861 568 1920 P.
583 1862 632 1927 ιθ,
646 1858 662 1920 Ι.
680 1884 703 1920 1.
727 1858 967 1941 διολισθαίνονπυ]
978 1858 1016 1918 sic
1026 1857 1118 1918 codex.
1130 1856 1229 1919 Confer
1239 1857 1450 1939 πορολυσθόνει
1460 1878 1558 1940 supro,
1571 1879 1597 1939 p.
1614 1858 1664 1927 ιίι,
1678 1857 1696 1917 i.
1713 1856 1748 1916 13
1760 1856 1802 1917 ed.

774 1968 896 2039 nostrie).

645 2067 661 2127 Ι.
681 2067 706 2125 ό.
733 2065 861 2140 Δελφῖνο
875 2069 922 2123 καθ
935 2062 1091 2146 Καρόυδας]
1106 2063 1260 2145 Delphinum
1275 2078 1298 2124 et
1314 2062 1479 2123 Cicremdom
1492 2063 1605 2132 Gillins,
1623 2072 1654 2123 ut
1668 2085 1760 2146 snpra.

645 2170 660 2229 Ι.
679 2170 705 2228 5.
730 2166 919 2249 ἀμυνόμενος]
936 2166 1049 2228 verbnm
1061 2167 1088 2226 in
1103 2164 1195 2228 codice
1207 2166 1378 2249 rescriptum.
1393 2165 1471 2226 Prins
1487 2166 1576 2226 snernt
1591 2165 1685 2224 τόνδε
1701 2164 1733 2225 οἰδ
1737 2212 1802 2226 .....

770 2270 856 2331 Vertit
867 2270 1017 2352 ignominie
1028 2269 1124 2332 Gillius
1139 2270 1227 2350 (iilum
1240 2270 1340 2329 donans
1352 2268 1457 2330 όουοοίο
1472 2270 1595 2329 memorio
1611 2268 1676 2328 όυοο
1689 2270 1804 2351 ignomi-

771 2374 849 2451 nie),
863 2370 978 2456 perinde
993 2393 1025 2432 nc
1035 2372 1058 2433 si
1073 2371 1183 2456 legisset
1197 2373 1225 2432 in
1241 2371 1333 2433 codice
1346 2375 1545 2450 ἀπορούμενος.

623 2479 639 2537 Ι.
661 2499 705 2537 ιν.
728 2476 868 2558 συνεχής]
884 2475 922 2537 sic
929 2474 1027 2541 codex.
1041 2497 1096 2537 non
1105 2485 1197 2537 sutem
1209 2486 1330 2556 συνεχῆ.
1344 2474 1515 2536 Subouditnr
1524 2479 1622 2536 τόπος.
1635 2474 1803 2536 Vocebnionr

769 2578 861 2638 omisit
875 2577 981 2639 Giiiins.

623 2683 638 2743 Ι.
660 2684 704 2742 ιθ.
728 2676 870 2764 Ιυσόυιου]
884 2683 996 2743 correxi.
1015 2683 1093 2743 Ponit
1108 2686 1244 2743 θυσιόυςον
1256 2681 1348 2744 codex.
1365 2682 1451 2744 Vertit
1464 2683 1598 2742 incenium
1613 2682 1718 2744 Gillius.

623 2787 639 2846 Ι.
661 2808 705 2867 ¹7·
729 2785 867 2868 εὔπορος]
881 2786 991 2868 conjeci.
1010 2786 1088 2847 Ponit
1102 2785 1211 2863 δάφυής
1224 2793 1321 2868 πόρος
1340 2785 1438 2856 codex,
1453 2785 1502 2847 nbi
1521 2786 1589 2847 forte
1604 2787 1668 2848 latet
1683 2785 1804 2847 vocnbn-

771 2889 827 2949 lum
843 2890 987 2969 εθσπορος
1001 2889 1071 2968 (RR.
1089 2890 1135 2953 εὖ.
1150 2893 1288 2973 σπείρω).
1303 2889 1390 2950 Vertit
1400 2912 1488 2950 υευυυς
1499 2889 1637 2970 proscinde
1650 2889 1739 2949 Ιουυθε
1747 2889 1804 2970 pie-

771 3015 832 3052 num
847 2991 951 3053 Gittius.

545 3097 571 3157 P.
589 3095 665 3178 xpd.
680 3097 707 3156 ό.
730 3095 898 3180 ἐφώρμουν]
912 3097 951 3158 sic
962 3096 1060 3165 codex,
1077 3095 1123 3157 uhi
1140 3105 1232 3157 tnnxen
1247 3106 1371 3158 mutetur
1385 3098 1412 3158 in
1429 3101 1579 3179 ἐφώρμουν,

645 3200 660 3260 Ι.
675 3202 703 3259 5.
726 3198 840 3282 τρητοό]
851 3199 889 3260 sic
901 3197 992 3260 codex.
1004 3197 1059 3260 Sed
1070 3197 1166 3260 Gillius
1180 3198 1261 3259 vertit
1275 3200 1327 3259 trio
1335 3221 1419 3271 sono,
1437 3208 1568 3282 tonqonm
1580 3200 1602 3259 si
1613 3199 1721 3282 legisset
1730 3198 1804 3258 λίθοι

769 3311 855 3383 τρεῖς.
871 3301 952 3362 Forte
967 3300 1063 3362 hebuit
1077 3303 1105 3362 in
1120 3300 1214 3379 codice
1228 3324 1279 3362 suo
1293 3325 1383 3384 τριτον
1395 3323 1446 3386 per
1461 3303 1642 3363 iotacismnrn.

646 3406 661 3465 Ι.
680 3430 706 3487 9.
730 3404 960 3487 προπόπθουουν]
977 3405 1015 3465 sic
1030 3404 1122 3466 codex.
1139 3405 1220 3466 Recte
1229 3404 1423 3488 procidentibus
1438 3406 1467 3466 in
1482 3404 1603 3466 editione
1615 3405 1737 3488 principe
1748 3406 1804 3465 Gd-

770 3507 834 3571 iios,
851 3506 926 3590 quod
941 3509 1057 3569 rnutnvit
1069 3508 1097 3569 in
1110 3507 1305 3589 procedentibus
1315 3507 1447 3569 Frickins.

541 3609 568 3670 P.
583 3632 635 3675 sto,
647 3609 663 3669 Ι.
679 3633 704 3670 s.
728 3610 838 3693 Νηρέα]
852 3616 931 3691 νιρέο
946 3609 1029 3671 codex
1043 3619 1157 3693 propter
1168 3611 1341 3672 iotacismnm
1356 3633 1412 3694 qno
1429 3634 1517 3681 r=m
1532 3610 1642 3670 d'ereum
1658 3609 1718 3669 Gitl.

645 3713 661 3772 i.
680 3715 707 3774 5.
731 3713 849 3796 Λευκίου]
865 3713 903 3775 sic
917 3713 1009 3775 codex.
1026 3713 1138 3788 Occidam
1152 3726 1223 3775 oeteo
1235 3713 1357 3774 Lotiedm
1368 3714 1447 3774 vertit
1459 3712 1570 3782 Gittius,
1586 3723 1718 3796 tonqnonr
1729 3713 1752 3773 si
1764 3713 1803 3773 ie-

769 3819 855 3901 gissct
869 3818 897 3878 in
913 3815 1005 3878 codice
1018 3823 1120 3889 Λυπόα,
1136 3837 1191 3878 non
1210 3828 1300 3878 nutem
1321 3823 1424 3876 Λευκόα
1441 3838 1473 3877 ex
1490 3838 1547 3900 qno
1564 3815 1738 3877 scribendum
1754 3816 1805 3876 suit

769 3912 1036 3992 nauseamentis
1043 3920 1166 3982 confusio
1173 3920 1340 4004 syllabarum
1349 3943 1381 3979 ευ
1389 3931 1439 3981 etc
1447 3921 1474 3981 in
1483 3921 1618 4004 scripturo
1625 3920 1715 3980 secoli
1723 3917 1802 3980 xxn⁰¹³.

624 4024 641 4082 l.
663 4046 707 4084 xe..
731 4024 881 4107 πλήθους]
895 4029 911 4083 ό
927 4029 980 4102 μὲν
994 4028 1051 4083 ἀπὸ
1065 4034 1115 4084 τοῦ
1130 4023 1279 4095 πλήθους,
1293 4024 1404 4104 βυθίους·
1422 4021 1482 4082 ὁδε
1498 4023 1574 4106 ponit
1588 4022 1685 4091 codex,
1695 4023 1743 4083 sed
1756 4021 1803 4084 dc-

770 4125 883 4187 lendum
898 4125 1005 4188 videtur
1026 4126 1127 4209 βυθόυς
1144 4147 1238 4189 errore
1253 4126 1357 4188 librarii
1375 4124 1417 4186 his
1434 4127 1589 4210 repetitum.
1606 4125 1693 4186 Vertit
1707 4124 1804 4186 Gillius

769 4230 813 4313 (p.
831 4251 868 4313 97
884 4229 927 4290 ed.
945 4230 1047 4313 princ.)
1063 4255 1070 4290 ε
1084 4229 1182 4291 Deinde
1193 4242 1231 4290 est
1245 4226 1632 4301 &concinnamenta
1646 4229 1804 4288 calamorum

770 4333 944 4405 multitudine,
954 4332 995 4392 dic
1005 4331 1047 4394 οό.
1056 4381 1061 4393 .
1071 4381 1077 4394 .
1086 4380 1107 4394 ..
1120 4332 1235 4395 Mutavit
1250 4332 1308 4414 ipse
1321 4331 1438 4393 Boreios
1450 4333 1478 4394 in
1493 4331 1627 4404 Premis,
1641 4331 1745 4414 quippe
1755 4332 1803 4415 qui

770 4436 910 4517 scripserit
921 4435 990 4496 infre
1006 4434 1116 4517 Bythios
1125 4445 1152 4497 et
1165 4435 1287 4518 Byntam
1303 4437 1346 4519 (p.
1366 4436 1405 4517 98
1421 4435 1463 4496 ed.
1478 4435 1632 4518 principis).
1656 4433 1735 4495 Ponit
1749 4433 1804 4516 By-

770 4537 840 4598 thies
850 4539 933 4600 editio
949 4538 1115 4601 Eizevirionn
1126 4541 1170 4623 (p.
1191 4541 1273 4620 nt).

623 4643 640 4702 t.
663 4643 708 4702 ιό.
733 4640 852 4725 Αἰήτου]
866 4641 936 4703 Oete
950 4644 1028 4725 ponit
1042 4642 1125 4704 editio
1140 4645 1268 4727 princeps
1287 4643 1403 4704 Giiiisnn
1419 4646 1462 4726 (p.
1481 4644 1535 4726 98)
1555 4642 1629 4726 quod
1646 4643 1761 4703 correxit
1775 4643 1804 4703 in

771 4743 850 4805 AEetoe
863 4743 1028 4806 Eizcvirinne
1044 4747 1085 4827 (p.
1107 4746 1162 4807 rtt
1171 4749 1189 4827 ).

625 4847 641 4907 t.
662 4849 708 4908 16.
732 4847 822 4930 Βάκα]
839 4849 877 4909 sic
887 4848 979 4910 codex.
993 4849 1084 4912 Beccx
1100 4851 1270 4934 transcripsit
1281 4849 1390 4917 Giiiios,
1402 4860 1533 4933 tonqnoni
1544 4850 1566 4908 si
1577 4849 1687 4931 legisset
1698 4850 1802 4906 Βάκκο.

772 4952 887 5013 Mutavit
899 4954 925 5013 in
943 4952 1046 5013 Paccio
1057 4952 1195 5014 Midlerus.
