4282 6368
670 609 746 672 Pllll
768 608 990 672 Bosporum
1012 609 1238 673 uillelmo,
1565 607 1582 672 7

321 755 377 827 τὴν
393 752 492 819 ωύλιν
507 755 653 844 αὐχένος,
673 758 773 850 θρίμα
793 757 956 825 κατιόντος
973 759 1024 825 ἐπὶ
1048 759 1105 830 τὴν
1120 758 1232 832 ύκτιίν·
1252 759 1361 824 ἔπειτα
1384 757 1447 832 Γῆς
1464 738 1585 831 Oanos·

322 871 421 969 θύρας
436 879 562 959 τέμενος
578 879 656 973 ύτιὲρ
669 886 724 953 τῆς
739 880 932 962 θαλάσσης,
946 882 1026 947 κατὰ
1044 886 1181 974 κορυφῆς
1195 878 1252 962 μὲν
1265 879 1412 967 ύσίεγον,
1430 885 1585 964 ἐπισημη-

322 998 477 1081 ναμένων,
500 997 602 1084 οἶμαι,
631 1008 693 1067 τῶν
716 1002 857 1095 ἀρχαίων
880 1010 934 1076 τῆς
956 1002 1019 1076 Γῆς
1039 1004 1074 1070 τὸ
1092 991 1303 1083 αὐτεξούσιον,
1324 998 1409 1068 λίθον
1425 995 1457 1069 δὲ
1477 992 1586 1077 Εεσίοῦ

322 1120 485 1214 ωεριςύλῳ
497 1122 755 1209 σνγκλειύμενον.

285 1255 300 1307 5
374 1237 456 1309 lllll.
484 1242 607 1337 Μικρὸν
624 1238 657 1309 lt
674 1245 753 1337 ὑπὲρ
769 1249 863 1313 αύτού
874 1243 1040 1339 Διίμητρος
1054 1245 1105 1312 καί
1120 1245 1226 1339 Κύρης
1240 1245 1448 1338 ωαρύλληλα·
1463 1246 1583 1338 γραφαί

322 1358 356 1430 δὲ
372 1369 406 1430 ἐν
423 1367 526 1432 αὐτοῖς
546 1365 666 1448 traval,
685 1373 740 1440 τῆς
757 1364 903 1458 ωρύσθεν
925 1362 1118 1449 εὐδαιμονίας
1134 1367 1329 1453 ωαρύσημον
1348 1369 1394 1433 ἔτι
1416 1365 1582 1450 λείψανον·

321 1487 363 1553 τοί
377 1512 416 1572 γε
431 1488 492 1571 μὴν
509 1477 624 1571 ξόανα,
643 1489 756 1575 τέχνης
768 1486 915 1585 ,ἀκριέοῦς
927 1482 1015 1555 οὐθὲν
1031 1488 1129 1579 χείρω
1140 1494 1201 1554 τῶν
1215 1489 1328 1582 ἄκρων.

375 1603 452 1674 XlV.
481 1608 572 1676 Κατὰ
588 1603 621 1676 δὲ
638 1607 797 1676 ἀπύὲασιν
812 1616 866 1684 τῆς
884 1610 1050 1683 θαλύτίος
1063 1604 1116 1677 θύο
1131 1610 1205 1691 νεὼ,
1220 1589 1307 1703 Πρᾶς
1320 1611 1372 1677 καί
1385 1609 1583 1678 Πλούτωνος·

323 1732 448 1815 λέγεται
471 1708 504 1796 «ll
526 1735 626 1799 αὐτῶν
648 1726 745 1814 οὐδὲν,
774 1730 822 1798 θτι
845 1732 886 1816 μὴ
912 1731 1060 1816 τούνομα·
1081 1733 1137 1800 τὸν
1159 1732 1216 1817 μὲν
1238 1731 1302 1825 γὰρ
1323 1738 1352 1800 ol
1379 1733 1437 1801 σύν
1465 1731 1587 1825 Δαρείῳ

270 1862 303 1914 tt)
322 1852 402 1919 nard
418 1855 474 1926 silv
489 1853 623 1947 Περσῶν
637 1854 690 1921 ἐπὶ
708 1851 830 1922 Σκύθας
846 1856 957 1921 ἔλασιν
975 1856 1164 1948 ἐνέπρησαν,
1181 1859 1225 1940 τῷ
1239 1854 1372 1938 βασιλεῖ
1381 1860 1586 1945 τιμωροῦντες

323 1974 389 2043 ἀνθ’
409 1975 452 2042 ὧν
471 1981 580 2061 ᾐτιᾶτο
602 1977 659 2050 τὴν
675 1976 792 2043 ωύλιν·
812 1977 866 2044 τὸν
884 1971 918 2042 dl
931 1982 987 2043 τοῦ
1000 1974 1184 2044 Πλούτωνος
1201 1981 1217 2043 ὁ
1234 1971 1384 2043 Μακεθων
1406 1977 1584 2059 Φίλιππος,

325 2099 416 2170 ύνίκα
434 2093 664 2191 ωροεκαθύζετο
682 2104 723 2185 τῇ
739 2098 854 2183 ables,
868 2099 962 2191 χρεία
978 2105 1033 2172 τῆς
1050 2097 1124 2173 ύλης
1140 2096 1281 2166 καθεῖλε·
1302 2096 1497 2193 ωροσίίθιισι
1516 2093 1549 2164 <lt
1568 2105 1585 2171 ἡ

324 2222 427 2305 μνιίμη
444 2226 509 2287 τοῖς
525 2221 654 2313 χωρίοις
670 2221 727 2294 τὴν
742 2222 937 2305 ἐπωνυμίαν·
957 2221 993 2287 τὸ
1011 2219 1146 2314 μὲνγὰρ
1165 2227 1182 2294 rl
1206 2225 1261 2287 τού
1284 2219 1468 2287 Πλούτωνος
1489 2221 1584 2312 ἄκρα,

324 2343 360 2410 τὸ
379 2337 412 2410 δὲ
435 2322 557 2439 [Πραία
576 2336 672 2438 ἄκρα]
699 2345 836 2430 λέγεται.
861 2337 1021 2428 Πολνείύῳ
1042 2342 1149 2427 μύντει
1170 2343 1221 2410 καί
1244 2349 1309 2410 τοῖς
1330 2342 1448 2410 ἐκείνου
1469 2343 1586 2409 ωαισίν

288 2471 303 2520 ἴ)
324 2462 454 2532 ἐνταῦθα
467 2464 536 2532 καθ’
553 2464 687 2532 ἕκασθον
707 2467 775 2533 ἔτος
793 2466 970 2549 ἐντέμνεται
989 2464 1131 2552 σφαίγια,
1150 2469 1205 2532 τοῦ
1228 2464 1284 2550 μὲν
1309 2465 1462 2552 λιίγοντος
1484 2466 1585 2545 ἔτους,

323 2581 423 2653 subd&
441 2587 621 2671 ίσίαμένον·
642 2587 678 2654 τὸ
695 2581 728 2652 dd
744 2585 829 2654 ἔθνος
842 2584 1036 2680 Μεγαρικόν.

362 2776 434 2831 q-to.
448 2762 472 2810 al
485 2759 530 2812 σύν
542 2756 631 2832 δαμείω
641 2766 748 2831 ωερσῶν
758 2761 820 2811 κατὰ
831 2762 877 2818 τὴν
889 2759 932 2811 ἐπί
942 2758 1012 2811 σκύθ.
1026 2759 1064 2811 tl.
1075 2761 1103 2812 t.
1118 2755 1128 2832 ΙΙ
1146 2759 1186 2810 tlt.
1198 2760 1227 2809 τὸ
1241 2755 1269 2809 δὲ
1281 2759 1379 2830 ἠραγτύ
1389 2759 1489 2826 λέγεται
1500 2759 1527 2812 l.

324 2967 429 3029 campus
442 2944 613 3029 [peninsula]
626 2946 737 3007 cervicis
748 2946 849 3008 sensim
861 2944 1050 3007 descendentis
1063 2943 1098 3006 ad
1109 2945 1198 3015 littus,
1212 2954 1239 3005 et
1250 2964 1285 3006 ne
1298 2943 1365 3009 urbs
1378 2945 1414 3005 sit
1427 2944 1515 3005 insula
1529 2967 1588 3029 pro·

325 3050 451 3113 bibentis.
466 3047 530 3109 Post
543 3059 584 3109 est
594 3048 713 3129 templum
727 3048 838 3109 Telluris
850 3048 934 3111 Alma
947 3070 1031 3131 super
1040 3069 1130 3118 mare,
1146 3048 1225 3131 cujus
1239 3046 1353 3131 quidem
1363 3046 1503 3132 fastigium
1519 3059 1589 3110 tecto

325 3165 411 3226 carot,
427 3151 775 3237 significantibusmpinor,
793 3151 916 3236 antiquis
930 3150 985 3212 vim
1001 3151 1117 3212 Telluris
1129 3150 1257 3221 liberam;
1273 3151 1392 3233 parietes
1409 3172 1473 3211 vero
1486 3151 1589 3234 quibus

326 3256 462 3320 clauditur
473 3265 537 3316 suut
550 3254 641 3338 lapide
655 3255 773 3337 expolito
786 3254 941 3316 constructi.

288 3368 304 3420 5
368 3361 438 3424 lllll.
462 3359 545 3421 Paulo
561 3380 644 3441 supra
664 3357 782 3419 Telluris
800 3357 887 3420 aedem
905 3367 971 3419 sunt
990 3359 1083 3439 templa
1105 3356 1208 3420 Cereris
1226 3370 1251 3418 ct
1265 3351 1430 3438 Proserpina
1448 3358 1539 3439 paria,
1560 3359 1589 3418 in

325 3464 426 3548 quibus
438 3464 552 3546 picture
564 3470 606 3522 sat
621 3461 727 3529 multae,
739 3461 834 3543 prisce
847 3460 981 3522 felicitatis
997 3461 1116 3544 insignes
1130 3460 1268 3543 reliquiae;
1277 3469 1373 3521 statuae
1387 3468 1480 3521 autem
1490 3469 1589 3520 exacte

326 3570 404 3638 artis,
418 3567 503 3629 nihilo
515 3587 623 3627 summa
638 3574 696 3626 arte
708 3563 853 3626 elaboratis
867 3561 1016 3625 inferiores.

368 3670 436 3732 lllV.
460 3669 527 3731 ltcm
542 3668 577 3730 ad
593 3690 730 3730 recessum
743 3668 827 3729 maris
840 3667 902 3729 dure
916 3667 984 3728 ades
999 3667 1116 3728 Plutonis
1128 3681 1151 3727 ct
1165 3667 1289 3736 lunonis,
1303 3686 1422 3749 quarum
1438 3666 1528 3726 solum
1543 3685 1590 3725 uo·

325 3795 388 3835 men
403 3782 498 3835 eistat.
515 3772 592 3833 lllam
611 3771 686 3833 cuim
700 3770 788 3833 Persa
804 3779 966 3833 exusserunt
977 3771 1005 3831 in
1021 3769 1192 3852 expeditione
1209 3767 1285 3829 llarii
1305 3778 1400 3830 contra
1414 3767 1541 3852 Scythas,
1558 3790 1590 3830 ea

274 3878 305 3936 to
326 3877 484 3939 ulciscentes
495 3897 558 3959 qum
572 3874 753 3958 [Byzantina]
768 3875 863 3936 civitas
874 3873 1041 3936 commisisse
1055 3883 1148 3934 contra
1158 3892 1252 3957 regem
1268 3870 1455 3934 accusabatur.
1468 3870 1590 3932 Plutonis

326 3978 458 4063 templum
470 3977 613 4061 Philippus
628 3975 754 4047 Macedo,
766 3998 853 4060 quum
866 3976 963 4038 urbem
977 3975 1127 4043 obsideret,
1138 3975 1231 4059 inopia
1244 3974 1366 4035 materias
1378 3972 1525 4034 demolitus
1535 3983 1589 4043 est;

326 4082 449 4143 locorum
459 4102 523 4142 vero
538 4079 701 4164 cognomina
715 4080 848 4141 memoria
861 4079 1006 4140 bominum
1022 4079 1142 4140 retinuit.
1158 4078 1210 4140 llic
1225 4078 1298 4140 euim
1315 4076 1431 4137 Plutonis
1446 4075 1532 4143 Acro,
1546 4075 1591 4136 ille

327 4187 422 4248 lleroea
437 4183 574 4267 [lunonis]
588 4183 660 4244 Acro
677 4182 786 4244 dicitur.
804 4182 915 4267 Polyido
929 4183 982 4243 vati
1003 4191 1030 4245 et
1042 4182 1106 4244 filiis
1125 4183 1184 4267 ejus
1202 4181 1256 4242 illic
1273 4179 1421 4264 quotannis
1436 4188 1590 4239 mactentur

327 4286 455 4356 victime,
472 4295 531 4347 tum
547 4295 661 4347 exeunte
674 4306 746 4347 auno
762 4295 821 4346 tum
837 4286 956 4347 ineunte.
968 4284 1089 4346 Estvem
1103 4306 1172 4368 gens
1185 4284 1331 4368 Megarica.

366 4466 390 4498 ο.
399 4457 451 4498 erat
462 4445 573 4517 templum
586 4444 793 4499 Gb.—«Almus
808 4464 857 4498 om.
872 4445 918 4499 Gb.
994 4464 1010 4497 a
1023 4445 1086 4497 mori
1100 4444 1147 4498 Gb.
1162 4444 1296 4497 aderitum
1312 4445 1360 4496 τίον
1372 4440 1505 4495 abscessum
1519 4444 1591 4493 νισι-νε

327 4531 370 4585 (lo.
382 4528 392 4604 ll
409 4530 463 4584 2-3.
473 4540 531 4582 tecto
543 4549 625 4583 carens
638 4527 787 4602 signficabat
798 4529 921 4602 antiquam
996 4531 1040 4584 Ge.
1058 4531 1119 4582 κατὰ
1135 4527 1256 4581 &adduam
1267 4537 1310 4587 τῆς
1324 4528 1462 4586 θαλάσσης
1477 4526 1525 4580 Gb.
1538 4536 1593 4584 θα-

329 4613 407 4668 Τιιτω
424 4613 553 4668 libertatem
572 4612 620 4669 Gb.
640 4613 750 4686 templum
769 4633 815 4666 non
836 4624 921 4666 tectum
996 4613 1085 4672 λάτίης
1101 4613 1143 4667 Gc.
1158 4611 1168 4687 ΙΙ
1183 4630 1208 4682 9.
1226 4613 1251 4665 in
1272 4611 1416 4683 apetium
1434 4610 1496 4665 Cras
1511 4621 1593 4662 contra

326 4700 453 4771 designamus
465 4699 569 4772 antiquae
579 4698 678 4753 Telluris
694 4700 739 4752 cim
750 4697 846 4752 liberam
859 4696 917 4771 Gall
996 4695 1097 4768 Scyllas
1106 4697 1152 4751 Gb.
1167 4694 1177 4770 ΙΙ
1196 4694 1512 4766 to·13.Heroeam(acram)
1525 4694 1592 4748 idest

328 4785 353 4836 b.
375 4783 531 4837 claudebatur
553 4793 621 4836 mont
641 4782 688 4838 Gb.
703 4782 712 4857 ll
728 4784 753 4837 5.
774 4794 843 4835 erant
867 4793 922 4836 tnn-
995 4781 1122 4835 Iunoniam
1141 4782 1185 4835 Ge.
1206 4812 1241 4821 —
1263 4780 1305 4834 ubi
1327 4779 1453 4853 quotannis
1474 4779 1594 4831 uictimam

323 4867 367 4938 ρίο
386 4866 432 4922 Gb.
451 4900 486 4908 —
504 4866 649 4939 Proserpina
662 4886 735 4940 qaum
753 4867 859 4920 nominat
875 4868 922 4919 lto'-
994 4866 1072 4937 prinso
1084 4864 1187 4918 annids's
1196 4874 1348 4935 mactatgens
1358 4861 1479 4934 Megarica
1491 4860 1538 4915 Gb.
1549 4859 1594 4912 ibi-

327 4973 375 5024 ραν
397 4953 440 5005 Ge.
456 4948 467 5024 ll
481 4969 505 5023 7.
533 4952 653 5024 ivueniores
673 4961 742 5004 eram
770 4950 816 5004 Gb.
832 4949 842 5024 l}
857 4952 882 5005 8.
897 4951 922 5002 s'n
997 4969 1042 5022 que
1050 4949 1147 5020 jamnes
1161 4949 1286 5021 quotannis
1304 4948 1392 5000 bestias
1404 4957 1518 5000 mactasse
1532 4964 1593 4997 onno

326 5035 435 5089 abscessu
447 5037 521 5088 maris
531 5035 577 5090 Gb.
593 5035 626 5089 ad
636 5054 752 5089 recessum
765 5033 921 5088 abscedentem
997 5033 1112 5089 demum
1121 5046 1142 5088 et
1155 5032 1277 5105 incipiente
1290 5032 1333 5086 Ge.
