4282 6368
515 643 562 683 cnr
816 620 1113 684 CObllllllNTdTlO
1135 619 1498 683 PALAEOGRAPHICA.

513 749 634 865 liquet,
652 790 754 865 quum
772 764 805 836 in
823 763 939 836 nostris
957 763 1154 836 membranis
1171 762 1337 835 videamus
1352 762 1451 836 finem
1467 763 1672 862 Agathemeri
1691 775 1788 864 atque

514 886 645 959 initium
662 886 778 987 Anapli
797 913 863 958 una
889 898 921 959 et
944 886 1058 959 eadem
1082 885 1210 988 pagella
1233 885 1278 958 ita
1302 885 1473 985 conjungi,
1497 899 1533 959 ut
1556 885 1639 958 nibil
1662 885 1788 959 intersit

516 1009 578 1082 nisi
597 1009 822 1082 brevissimum
835 1008 881 1080 De
896 1024 1048 1081 ventorum
1059 1007 1255 1108 positionibus
1272 1024 1299 1079 et
1312 1008 1478 1079 nominibus
1492 1007 1685 1109 opusculum
1702 1001 1789 1081 iluis-

516 1132 622 1205 totelis
640 1131 771 1205 nomine
789 1130 992 1230 inscriptum.
1014 1130 1110 1214 Quod
1129 1128 1322 1230 opusculum
1340 1156 1442 1230 quum
1462 1130 1495 1201 in
1513 1129 1677 1202 codicibus
1695 1129 1788 1202 Pari·

516 1255 595 1326 sinis
606 1281 702 1354 supra
719 1252 813 1325 dictis
826 1252 958 1325 omnino
973 1251 1071 1337 desit,
1081 1254 1150 1352 jam
1162 1251 1319 1351 conjicere
1332 1251 1407 1324 licet
1421 1251 1503 1324 illud
1515 1252 1611 1326 etiam
1626 1253 1661 1326 in
1676 1253 1786 1326 codice

517 1375 665 1448 Palatino
688 1374 782 1459 olim,
811 1402 914 1476 quum
936 1375 1063 1473 integer
1084 1386 1236 1457 exstaret,
1261 1373 1413 1447 defuisse.
1440 1374 1533 1448 Unde
1556 1389 1691 1476 apparet
1715 1375 1787 1447 illos

518 1498 651 1600 quidem
680 1498 805 1570 codices
830 1497 886 1598 qui
913 1497 1029 1597 Anapli
1057 1496 1224 1570 exordium
1246 1496 1392 1569 referunt
1416 1523 1453 1569 ex
1476 1496 1591 1570 eodem
1613 1497 1787 1598 exemplari

517 1620 687 1693 delluxisse
705 1647 741 1692 ex
762 1648 827 1720 quo
846 1620 944 1692 codex
962 1619 1129 1692 Palatinus
1150 1630 1183 1692 n⁰
1201 1619 1272 1719 398
1292 1617 1471 1720 descriptus
1488 1632 1551 1705 est,
1574 1633 1701 1693 nostras
1714 1647 1787 1692 vero

517 1743 721 1816 membranas
739 1769 776 1814 ex
795 1741 858 1814 alio
877 1740 1067 1841 exemplari,
1086 1769 1151 1842 quo
1174 1741 1287 1813 eadem
1307 1741 1501 1842 scriptorum
1525 1743 1623 1816 series
1642 1743 1788 1816 contine·

515 1865 613 1938 batur
634 1863 801 1965 aliquanto
826 1863 955 1965 plenior
982 1876 1013 1935 et
1040 1862 1183 1947 uberior,
1209 1862 1307 1936 luisse
1332 1862 1518 1965 descriptas.
1543 1865 1653 1948 Quum
1679 1878 1787 1936 autem

517 1986 615 2061 codex
633 1986 800 2059 Palatinus
818 2013 976 2059 consensu
993 1984 1195 2058 eruditorum
1209 1985 1355 2057 omnium
1371 1985 1487 2059 saeculo
1502 1986 1626 2059 decimo
1642 2000 1787 2059 exaratus

516 2109 614 2182 luerit
637 2108 688 2210 (id
712 2122 759 2181 cst
786 2121 942 2206 regnante
967 2106 1179 2180 Constantino
1205 2107 1519 2210 porphyrogenito),
1543 2108 1715 2182 verisimile
1740 2121 1787 2181 est

517 2246 594 2304 tunc
613 2231 765 2331 temporis
780 2230 946 2331 quoddam
963 2231 1131 2323 σύνταγμα
1145 2229 1211 2313 vel,
1227 2244 1263 2302 ut
1278 2257 1368 2303 more
1381 2230 1527 2304 Romano
1540 2230 1667 2332 loquar.
1683 2258 1788 2330 corpus

518 2351 783 2453 Geograpborum
803 2352 986 2425 Graecorum
1005 2352 1169 2425 minorum
1190 2352 1359 2437 exstitisse,
1383 2353 1475 2452 cujus
1493 2353 1695 2427 recensiones
1716 2352 1787 2424 duae

518 2476 608 2548 lactae
625 2488 702 2547 sunt
720 2473 923 2575 aliquantum
941 2474 1026 2546 inter
1042 2501 1076 2546 se
1096 2473 1236 2547 diversa.
1257 2474 1404 2557 Quarum
1423 2475 1512 2547 nulla
1530 2475 1628 2549 bodie
1643 2489 1787 2576 superest

518 2597 656 2695 integra.
677 2596 805 2670 Etenim
825 2624 890 2669 una
912 2609 1059 2669 servatur
1081 2611 1149 2669 tum
1174 2595 1338 2669 codicibus
1361 2595 1515 2668 Parisinis
1538 2596 1650 2682 11105,
1675 2595 1785 2679 mot,

522 2719 636 2803 abbir,
657 2732 688 2791 et
713 2718 785 2789 aliis
804 2719 981 2819 ejusmodi,
1000 2718 1057 2819 qui
1074 2718 1215 2818 priorem
1234 2719 1332 2818 hujus
1351 2717 1547 2792 collectionis
1565 2733 1690 2820 partem
1704 2719 1756 2792 rel
1771 2762 1789 2774 -

521 2855 611 2928 runt3
629 2853 697 2912 tum
713 2840 822 2913 codice
840 2840 987 2914 Palatino
1004 2852 1037 2913 n⁰
1054 2841 1146 2941 398,
1161 2868 1226 2942 quo
1243 2868 1317 2941 pars
1335 2840 1532 2914 collectionis
1551 2840 1696 2940 ejusdem
1713 2868 1789 2942 pos-

519 2962 619 3034 terior
636 2962 830 3037 continetur.
855 2963 943 3037 lnter
962 2977 1134 3064 utramque
1151 2975 1278 3063 partem
1302 2963 1363 3035 tuit
1383 2963 1528 3064 Dionysii
1553 2963 1711 3064 simplus,
1731 2965 1787 3065 qui

520 3111 622 3185 quum
642 3085 787 3157 medium
810 3086 877 3159 lere
901 3085 933 3157 in
958 3085 1084 3184 integra
1102 3086 1184 3158 serie
1207 3098 1330 3159 teneret
1349 3084 1473 3171 locum,
1492 3086 1619 3160 videtur
1636 3086 1788 3186 utrinque

521 3206 683 3279 excidisse.
704 3205 812 3279 Altera
829 3220 938 3280 autom
955 3207 1099 3280 recensio
1119 3207 1287 3307 bucusque
1306 3207 1434 3281 delituit
1456 3207 1490 3280 in
1514 3207 1622 3280 codice
1645 3206 1701 3279 illo
1722 3234 1787 3308 quo

521 3355 608 3401 nunc
626 3328 771 3428 Dionysii
788 3328 932 3430 Anaplus
950 3329 1096 3402 traditur.

572 3449 652 3534 Quae
670 3478 771 3551 quum
793 3450 836 3523 ita
853 3478 887 3524 se
904 3451 1062 3537 habeant,
1080 3452 1148 3551 jam
1169 3451 1263 3525 liceat
1280 3451 1322 3524 ad
1339 3452 1425 3553 ipsos
1442 3453 1562 3538 lentes,
1584 3452 1788 3525 membranas

518 3571 638 3645 scilicet
655 3572 817 3645 Palatinas
835 3585 866 3645 et
883 3586 1025 3658 nostras,
1043 3572 1178 3674 propius
1192 3572 1353 3647 accedere.

1033 3845 1193 3919 CAPUT
1227 3846 1273 3918 ΙΙ.

810 4013 989 4070 norrrrx
1008 4014 1181 4070 conxcrs
1202 4013 1402 4070 exuimur
1423 4014 1495 4070 sos.

571 4162 679 4236 Codex
702 4163 760 4263 qui
780 4163 864 4236 inter
881 4164 1045 4237 Palatinos
1064 4179 1253 4238 numeratur
1273 4165 1363 4266 398,
1384 4165 1460 4238 olim
1480 4193 1552 4238 cum
1573 4166 1732 4238 Vaticanis
1756 4167 1788 4238 in

519 4283 753 4358 bibliothecam
767 4285 932 4387 publicam
947 4287 1161 4360 Parisiensem
1176 4287 1301 4372 illatus,
1320 4315 1406 4360 nunc
1421 4315 1495 4361 vero
1514 4287 1737 4386 Heidelbergae
1755 4289 1789 4362 in

519 4405 720 4480 Bibliotheca
739 4406 959 4480 llniversitatis
977 4426 1171 4495 asservatus,
1196 4409 1478 4495 membranaceus,
1500 4410 1535 4482 in
1555 4410 1648 4497 lolio,
1672 4410 1789 4484 saeculo

517 4528 644 4602 decimo
662 4543 698 4602 ut
717 4529 845 4602 videtur
864 4544 1025 4615 exaratus,
1046 4530 1132 4603 loliis
1153 4532 1221 4604 331
1245 4544 1394 4605 constans
1413 4546 1510 4633 atque
1527 4532 1620 4605 initio
1639 4532 1788 4617 mutilus,

518 4664 665 4724 accurate
676 4651 854 4753 descriptus
864 4651 926 4725 luit
936 4680 1022 4725 anno
1039 4652 1132 4726 1805
1151 4652 1249 4725 avire
1263 4653 1480 4727 eruditissimo
1495 4654 1531 4727 F.
1545 4653 1574 4726 l.
1588 4654 1679 4738 bost,
1697 4655 1790 4753 cujus

518 4771 651 4874 Epistola
668 4773 769 4846 nitito
786 4774 901 4846 merito
918 4771 1144 4848 celebraturffl.
1164 4774 1323 4848 Eumdem
1340 4776 1482 4849 codicem
1501 4776 1609 4849 denuo
1628 4774 1791 4849 recensuit

556 4965 582 5010 (tt
602 4967 681 5023 bottas
690 4970 791 5042 critique
802 4967 903 5023 dett.
916 4967 1118 5025 Battum.
1131 4968 1464 5027 meamdorurtlatoninuc
1474 4970 1758 5039 bibt‘rolitfflortbtniiu
1769 4983 1791 5026 et

517 5052 654 5110 umente
668 5053 751 5119 Poris,
768 5054 851 5118 1805,
864 5054 944 5110 iri-8⁰.
1441 5105 1443 5109 .
