4282 6368
430 628 491 668 xrvr
721 599 1016 667 COMMENTATIO
1037 598 1402 663 Patmounnrfflct.

432 751 581 850 «periore
610 747 755 847 Dionysii
782 745 876 820 verba
905 745 997 818 allert
1006 799 1118 817 .....
1148 743 1257 843 Neque
1282 744 1387 815 solum
1410 771 1444 816 er
1470 744 1519 815 his
1543 744 1699 844 Stephani

432 871 561 943 acerbis
583 868 806 968 cognoscimus
830 866 972 966 Dionysii
995 865 1156 966 Anaplum
1184 892 1251 937 esse
1276 866 1442 965 Stephano
1466 864 1699 965 antiquiorem,

432 992 514 1064 «sed
532 992 629 1063 etiam
649 1018 684 1063 er
702 989 803 1091 ipsius
821 987 938 1088 Anapli
956 988 1101 1060 discursu
1116 986 1312 1087 percipimus
1329 985 1421 1058 illum
1440 986 1603 1087 scripsisse
1622 986 1702 1059 Bos-

432 1115 528 1216 «pori
552 1113 711 1212 Anaplum
734 1126 909 1212 antequam
933 1110 1070 1183 Severus
1094 1109 1282 1209 Byzantium
1304 1107 1503 1181 evertisset.»
1523 1108 1604 1193 Ouae
1621 1136 1701 1181 con-

433 1247 553 1333 gruunt
572 1262 645 1307 cum
667 1234 706 1306 iis
721 1261 793 1334 quae
811 1231 872 1334 ipsi
887 1259 957 1304 mor
976 1231 1225 1332 disputabimus.

949 1504 1108 1577 CAPUT
1143 1505 1183 1575 x.

562 1676 609 1731 oa
624 1673 788 1730 oroursn
806 1671 974 1728 nrannrn
991 1670 1126 1735 arara,
1143 1670 1243 1733 rma,
1260 1670 1408 1726 oronam
1425 1669 1573 1726 concur.

483 1818 517 1890 Si
539 1813 725 1890 'testimonia
747 1830 891 1888 veterum
910 1843 981 1917 quaa
1003 1814 1044 1886 de
1062 1814 1214 1914 Dionysio
1233 1813 1384 1914 Byzantio
1405 1814 1447 1886 ad
1468 1842 1526 1887 nos
1541 1833 1699 1917 pervenc'-

431 1953 506 2010 runt
529 1937 720 2038 inspexeris,
750 1936 877 2008 nullum
901 1936 1043 2009 invenies
1069 1963 1133 2036 quo
1161 1949 1247 2007 certa
1275 1935 1439 2034 scriptoris
1463 1949 1539 2008 aetas
1569 1936 1698 2010 deliniri

430 2061 539 2161 possit.
560 2060 624 2132 Sed
643 2087 677 2131 er
695 2060 764 2160 ipso
784 2086 881 2159 opere
899 2058 1002 2159 liquet
1016 2058 1169 2158 scriptum
1186 2058 1284 2130 luisse
1302 2058 1462 2159 Anaplum
1481 2073 1556 2132 ante
1574 2086 1697 2133 annum

431 2197 502 2283 post
520 2183 683 2255 Christum
703 2196 816 2254 natum
840 2180 927 2282 196,
946 2207 1011 2281 quo
1030 2180 1206 2281 Septimius
1223 2181 1359 2253 Severus
1377 2180 1552 2282 imperator
1572 2182 1698 2283 Byzan·

432 2306 511 2377 tium
525 2304 671 2377 [unditus
690 2304 811 2377 evertit.
830 2303 956 2375 Etenim
973 2301 1081 2374 omnia
1097 2315 1253 2402 tanquam
1272 2302 1443 2403 praesentia
1460 2318 1558 2404 atque
1573 2303 1697 2403 integra

435 2425 605 2526 llionysius
620 2425 803 2527 descripsit,
817 2453 905 2526 quae,
919 2451 1026 2497 eversa
1045 2423 1142 2508 urbe,
1158 2449 1322 2495 recensere
1338 2450 1403 2496 non
1418 2425 1585 2527 potuisset.
1602 2426 1698 2510 Quod

433 2547 458 2616 si
482 2545 677 2647 quibusdam
702 2546 802 2618 doctis
822 2545 896 2617 viris
917 2544 1010 2616 aliter
1032 2543 1133 2615 visum
1157 2556 1220 2629 est,
1241 2543 1365 2645 decepti
1388 2559 1463 2618 sunt
1486 2573 1593 2620 errore
1610 2546 1696 2620 Gillii

431 2669 611 2769 quiquam
638 2696 697 2740 suo
727 2683 870 2769 tempore
897 2665 980 2739 nihil
1003 2665 1063 2738 nisi
1081 2692 1211 2764 campos
1237 2666 1293 2738 ubi
1319 2680 1408 2739 vetus
1432 2668 1620 2768 Byzantium
1639 2669 1699 2741 luit

431 2803 575 2862 cerneret
588 2790 621 2860 in
635 2789 753 2890 quibos
764 2789 850 2861 etiem
859 2789 975 2889 periere
986 2787 1095 2871 ruirrce,
1108 2787 1238 2859 illarum
1249 2814 1358 2861 rerum
1369 2817 1449 2891 quas
1463 2790 1564 2862 oculis
1577 2789 1700 2864 viderat

431 2911 603 3010 Dionysius
627 2925 780 3012 tanquam
798 2910 1031 3011 praeteritarum
1051 2909 1118 3009 ipse
1137 2910 1332 2982 recordatur.
1348 2911 1445 2996 Quod
1465 2911 1582 2985 clarius
1600 2940 1699 3014 appa-

432 3030 513 3104 rebit
533 3058 569 3102 ex
588 3032 665 3103 locis
684 3032 806 3133 aliquot
829 3031 930 3104 Graeci
951 3030 1139 3132 exemplaris
1161 3057 1234 3102 cum
1258 3031 1371 3104 Latina
1397 3032 1484 3106 Gillii
1507 3031 1700 3136 interpreta-

432 3156 518 3227 tione
538 3153 754 3255 comparatis:

473 3313 540 3398 Peg.
557 3317 589 3384 6,
607 3313 624 3374 l.
642 3333 657 3394 7
674 3337 680 3373 :
698 3305 763 3374 'lero
777 3310 809 3373 δὲ
823 3317 876 3373 τὸν
890 3316 964 3372 νεὼν
977 3319 1028 3372 τοῦ
1145 3311 1260 3374 Gilled.
1273 3313 1359 3396 princ.
1370 3336 1398 3398 p.
1408 3315 1520 3378 55:2ut
1531 3316 1623 3398 templo
1633 3316 1701 3399 Nep

434 3414 611 3477 Ποσειδῶνος
631 3413 748 3476 ἔνδοθεν
772 3420 826 3494 μὲν
844 3425 895 3476 τοῦ
914 3420 1030 3496 τείχους
1104 3415 1159 3475 tuni
1172 3415 1242 3477 intra
1258 3416 1331 3478 urbie
1345 3439 1447 3479 marton
1455 3463 1695 3482 ...........

431 3519 530 3581 vtato
544 3522 591 3579 nel
604 3522 748 3599 γυμνάσια
755 3564 1202 3583 ..........
1224 3541 1306 3581 uniar
1320 3521 1407 3582 stadie
1420 3537 1444 3584 ct
1453 3525 1605 3607 gyrmuar'a.

352 3705 354 3709 .
475 3621 544 3683 lbid.
568 3622 585 3683 Ι.
616 3645 650 3682 10
673 3645 679 3682 :
702 3615 900 3703 Ῠποδέχοιιται
922 3620 954 3682 δὲ
978 3632 1030 3694 τῆς
1146 3620 1186 3682 ld.
1202 3621 1270 3684 ibid.
1280 3623 1395 3704 primum
1400 3628 1572 3707 promontorii
1581 3626 1704 3712 Bosporii

433 3726 519 3808 ἄκρας
533 3731 587 3797 τὴν
606 3728 729 3808 πρώτην
746 3731 939 3807 περιαγωγὴν
952 3735 1030 3807 τρεῖς
1103 3726 1293 3787 corrosionem
1314 3773 1447 3791 .......
1465 3751 1632 3793 urcrrmmnr
1651 3746 1703 3792 tres

432 3829 547 3907 λιμένες
554 3873 647 3893 .....
1099 3843 1192 3909 portur
1199 3874 1291 3892 .....

474 3919 1030 4017 Pag.7,l.1:Srsrrel'rtsllunerle'rpes
1147 3930 1187 3993 ld.
1201 3931 1268 3994 ibid.
1284 3933 1347 3996 Post
1364 3956 1429 3997 rrmr
1450 3938 1569 4020 templum
1591 3938 1702 4001 Telluris

432 4040 552 4113 τέμενος
563 4039 638 4117 ὑπὲρ
651 4045 703 4106 τῆς
714 4033 877 4106 θαλάσσης
883 4078 976 4099 .....
1104 4057 1266 4116 superorare
1273 4080 1364 4098 .....

475 4137 545 4199 lbid.
566 4137 584 4198 l.
605 4139 622 4199 5
641 4161 648 4198 :
668 4141 776 4220 Μικρὸν
794 4135 825 4197 δὲ
844 4140 919 4222 ὑπὲρ
944 4143 1029 4200 αὐτοῦ
1148 4136 1188 4200 ld.
1206 4138 1273 4202 ibid.
1290 4139 1372 4203 Paeto
1389 4163 1471 4225 cupra
1489 4142 1599 4206 Telluris
1621 4146 1701 4207 ωιίιιιι

435 4247 587 4324 Δήμητρος
599 4244 646 4300 και
658 4243 752 4324 Κόρης
761 4239 942 4322 παράλληλα
954 4241 1032 4323 (sub-
1106 4263 1188 4303 antur
1203 4243 1295 4326 temple
1310 4242 1412 4305 Cereris
1431 4261 1455 4307 et
1471 4246 1635 4330 Proserpina
1649 4271 1701 4331 po·

433 4343 499 4406 audi
512 4344 643 4424 τεμένη).
1104 4347 1154 4407 ria.

486 4523 525 4594 Et
542 4536 687 4594 sexcenta
703 4521 765 4593 alia
779 4522 925 4620 ejusdem
942 4537 1043 4607 notae,
1062 4552 1133 4625 quae
1147 4553 1338 4600 enumerare
1355 4530 1482 4626 longius
1499 4530 1591 4603 loret.
1610 4532 1701 4605 Unde

431 4646 499 4743 jam
517 4644 620 4745 liquet
638 4670 703 4715 non
723 4642 913 4741 Dionysium
931 4671 1032 4743 grace
1049 4646 1257 4732 scribentem,
1276 4649 1333 4721 sed
1352 4650 1485 4724 Gillium
1510 4651 1610 4725 latine
1628 4680 1701 4725 ver·

438 4780 555 4839 tentem
572 4765 680 4838 omnia
696 4779 850 4866 tanquam
864 4767 1024 4866 praeterita
1042 4795 1247 4842 memorasse.
1266 4772 1378 4872 ltaque
1394 4774 1508 4845 merito
1524 4774 1650 4846 videtur
1667 4775 1700 4847 in

437 4888 722 4991 reprehensionem
740 4888 882 4989 aliquam
905 4888 1110 4988 negligentia
1128 4891 1290 4966 incurrere
1309 4894 1425 4966 Gillias
1442 4910 1575 4996 prepter
1593 4897 1700 4969 minus

437 5023 619 5083 accuratum
636 5010 779 5084 vertendi
798 5037 983 5112 genusque
1001 5038 1058 5085 sua
1077 5014 1199 5086 auctori
1215 5014 1336 5087 tribuit.
