4282 6368
693 594 768 655 PER
791 594 1011 656 llOSl'OllUM
1034 594 1260 657 llerlGAl'lO.
1566 595 1603 656 17

344 741 546 831 προσέσχον,
565 740 633 807 εἶτα
649 740 835 830 ἀναχθέντες
853 740 936 808 αὖθις
953 740 1167 834 ἀνέσίρεψαν·
1195 747 1211 814 ἡ
1235 747 1332 834 πεῖρα
1355 747 1409 808 τοῦ
1430 740 1603 825 συμςιίντος

343 860 429 927 ἔθετο
444 870 489 947 τῷ
506 861 594 948 τόπῳ
610 864 754 946 τοῦνομα.

393 978 470 1049 All.
500 983 622 1078 Μικρὸν
637 981 670 1052 δέ
685 988 761 1080 ὑπὲρ
777 989 884 1068 αὐτοῦ,
901 987 974 1053 νεὼς
988 986 1181 1069 Πτολεμαίου
1194 992 1248 1052 τοῦ
1259 981 1475 1073 Φιλαδέλφου·
1493 991 1602 1052 τοῦτον

342 1105 494 1188 ἐτίμησαν
521 1105 575 1173 ίσα
599 1114 672 1193 θεῷ
691 1103 869 1187 Βυζάντιοι,
892 1105 1171 1200 μεγαλοφροσύνης
1192 1133 1227 1173 τε
1249 1111 1341 1173 αὐτοῦ
1360 1108 1412 1172 καὶ
1434 1113 1523 1191 τιμῆς
1548 1113 1602 1180 τιῑς

305 1243 321 1293 ι’)
341 1229 419 1319 περὶ
436 1229 494 1301 τόν
512 1227 611 1294 πόλιν
630 1226 881 1296 ἀπολαύσαντες·
904 1228 955 1294 καλ
975 1228 1037 1322 γάρ
1059 1230 1166 1320 χώραν
1190 1228 1241 1294 ἐπὶ
1259 1235 1314 1301 τῆς
1336 1208 1436 1294 Ᾰσίας
1459 1223 1599 1320 ἀωρεῒται

340 1350 391 1415 καλ
408 1349 497 1416 σίτου
509 1351 635 1418 πολλάς
647 1345 793 1444 μυριάόας
811 1350 861 1415 καλ
880 1350 959 1432 βέλη
977 1351 1028 1416 καὶ
1044 1352 1200 1443 χρίματα.

394 1467 485 1538 Abll.
515 1473 560 1538 Τὸ
578 1467 610 1539 dd
623 1464 693 1548 ἑξῆς
709 1474 826 1564 χωρίον
844 1472 965 1559 Δελφόν
983 1475 1107 1558 λέγεται
1125 1474 1176 1538 καὶ
1196 1468 1375 1566 Καροίνόας·
1391 1472 1475 1538 αι’τία
1490 1468 1522 1538 ἀὲ
1537 1482 1598 1540 τῶν

340 1595 500 1677 όνομάτων
520 1589 585 1667 ilde·
607 1594 725 1661 Χάλκις
744 1593 907 1679 ἐπῴκησεν
926 1596 1022 1687 ἀνὴρ,
1043 1590 1208 1673 Βυζοίντιος
1230 1595 1286 1679 μέν
1306 1595 1466 1683 τὸγένος,
1490 1598 1546 1669 τάν
1567 1591 1599 1662 dd

340 1717 515 1800 έπισίημην
532 1711 717 1810 κιθαρῳδὸς,
734 1711 854 1783 οὐδενός
869 1723 931 1783 τῶν
946 1717 1048 1809 ἀκρων
1060 1711 1298 1807 ἀποάεέσίερος·
1314 1717 1365 1783 ἐπὶ
1380 1724 1489 1784 τοῦτον
1504 1719 1600 1785 όπότε

289 1854 319 1905 td
339 1840 395 1912 τὴν
405 1841 520 1912 σκευὴν
532 1839 770 1926 ἀμπισχόμενος
780 1840 835 1905 τὸν
849 1837 954 1931 όρθιον
967 1833 1062 1905 ἀείάοι
1079 1838 1185 1922 νόμον,
1199 1834 1309 1924 ἀελφλν
1325 1845 1359 1905 ἐκ
1372 1845 1426 1906 τοῦ
1438 1840 1600 1927 πελαίγους

338 1963 480 2042 κάτεισι,
496 1962 580 2055 πρὸς
597 1956 629 2026 ἀὲ
646 1962 682 2027 τὸ
702 1962 856 2053 ἐπίφορον
872 1968 926 2033 τῆς
946 1956 1024 2046 aldais
1042 1962 1191 2028 ἐκκλίνων
1210 1961 1264 2028 τάς
1281 1960 1391 2042 ἀκοάς,
1414 1962 1466 2027 καὶ
1484 1970 1522 2046 τῇ
1545 1970 1599 2035 τῆς

338 2083 514 2155 θαλαίσσης
532 2081 686 2149 erosae-ea
710 2082 966 2175 προσισίάμενος
988 2075 1097 2158 ἔξαλος
1118 2084 1170 2149 καὶ
1193 2083 1250 2156 τὴν
1272 2080 1346 2164 ὄψιν
1366 2085 1533 2175 μετέωρος,
1558 2088 1597 2150 ὡς

338 2202 449 2296 ἀθρόον
464 2209 519 2270 τοῦ
537 2208 647 2287 μέλους
666 2209 854 2297 έμφοροΐτο,
874 2199 967 2286 μηδὲν
985 2208 1028 2271 είς
1046 2206 1102 2278 τὴν
1120 2211 1175 2277 τῆς
1187 2209 1282 2276 ἀκοῆς
1299 2201 1458 2296 ἀκρίὲειαν
1471 2204 1530 2271 ἀπὸ
1544 2211 1599 2271 τοῦ

338 2324 435 2407 βυθοῦ
452 2333 506 2399 τῆς
523 2328 674 2399 κινη’σεως
692 2325 922 2410 βλαπόόμενος·
945 2325 981 2398 όν
995 2321 1028 2391 dl
1040 2330 1121 2412 αὐτῷ
1138 2329 1251 2420 μέτρον
1268 2320 1375 2398 aldonus
1393 2325 1495 2391 τεκαὶ
1514 2329 1596 2393 εὐτυ-

286 2463 317 2515 15
336 2449 410 2535 χίας
424 2446 457 2532 ό,
471 2476 501 2516 τι
516 2448 567 2516 καὶ
583 2457 627 2535 τῷ
639 2444 772 2515 Χοίλκιόι
787 2456 840 2521 τῆς
853 2443 944 2533 aldiis·
957 2451 1160 2532 παυσαμένου
1174 2449 1236 2541 γάρ
1252 2443 1353 2514 έάόετο
1368 2448 1448 2514 κατά
1461 2455 1514 2520 τῆς
1528 2458 1597 2521 θα-

338 2571 449 2643 λοίτΊης
466 2576 637 2664 ἀναχωρῶν
655 2576 699 2639 είς
717 2572 756 2637 τὰ
777 2570 832 2645 ἤθη
851 2575 891 2637 τὰ
909 2576 1027 2637 ἑαυτοῦ.
1048 2566 1210 2664 Καροίνόας
1230 2565 1262 2637 ἀὲ
1283 2573 1404 2655 ποιμὴν
1423 2572 1594 2664 πάροιιιος,

337 2694 400 2759 εἴτε
415 2691 521 2779 φθόνῳ
535 2695 586 2759 καλ
599 2695 683 2777 μίσει
695 2688 865 2774 Χοίλκιόος,
877 2688 1000 2759 ἀν’ναιτο
1012 2688 1039 2757 ‹l’
1051 2694 1088 2758 ἀν
1098 2694 1149 2759 καί
1162 2685 1345 2768 πλεονεξίας
1353 2695 1443 2761 ἕνεκα
1458 2695 1596 2781 λοχίσας

378 2888 398 2918 ι.
408 2871 497 2939 ἀπείρα
505 2865 547 2939 All
559 2885 598 2920 ιο.
607 2869 776 2937 ἀπισχόμενος
784 2866 827 2940 All
837 2887 844 2919 ι
853 2887 876 2920 a.
888 2865 997 2918 έτιέἀσει
1008 2884 1069 2919 corr.
1079 2867 1105 2918 in
1114 2865 1230 2918 ῦτοάἀσει
1237 2866 1316 2940 prima
1325 2885 1412 2919 uranus
1421 2866 1463 2939 Ay
1473 2886 1479 2918 ι
1488 2869 1512 2919 5.
1521 2870 1558 2919 ὅτι
1569 2869 1594 2919 A.

335 3101 415 3140 arares
431 3081 520 3163 primo
536 3081 706 3163 appulissent
727 3103 758 3142 ex
779 3103 868 3164 eoque
891 3081 1045 3152 solvissent,
1063 3103 1158 3141 rursus
1178 3080 1212 3140 ad
1228 3081 1354 3142 eumdem
1374 3082 1460 3142 locum
1480 3092 1594 3143 reverte-

335 3193 408 3244 runt.
424 3182 595 3267 Experieutia
611 3185 651 3243 rei
666 3183 742 3245 dedit
756 3184 814 3245 loco
829 3206 938 3245 nomen.

377 3285 443 3347 ALl.
467 3285 551 3347 Paulo
571 3309 654 3370 supra
675 3287 857 3370 yiraecipitium
875 3286 1083 3348 l‘alinormicum
1105 3287 1207 3347 exsistit
1222 3288 1340 3368 ternplum
1355 3287 1487 3348 Ptolenurt'
1505 3289 1595 3349 Ptin-

334 3389 419 3472 detpbi
426 3435 433 3457 ‚
445 3412 528 3474 quom
541 3390 663 3474 Byzantii
673 3412 791 3473 anquene
802 3389 884 3451 deum
896 3391 1016 3452 venerati
1029 3401 1106 3459 suut,
1118 3390 1193 3474 quod
1209 3413 1240 3451 ex
1253 3391 1311 3473 ejus
1327 3391 1354 3451 in
1369 3391 1467 3453 urbem
1482 3414 1596 3475 magna·

298 3495 314 3546 5
335 3494 456 3555 nimitate
467 3505 493 3554 et
503 3494 652 3555 reverentia
662 3494 782 3554 fructum
794 3515 926 3577 magicum
942 3495 1116 3576 accepissent.
1134 3493 1240 3554 Etenim
1257 3493 1421 3578 [Byzantiis]
1436 3495 1595 3557 Ptolemaeus

335 3598 360 3657 in
377 3598 439 3658 Asia
454 3598 595 3680 regionem
611 3597 796 3680 frumentique
812 3597 913 3657 multas
926 3595 1062 3679 myriades
1077 3607 1103 3657 et
1118 3597 1229 3679 sagittas
1241 3607 1268 3656 et
1283 3597 1411 3679 pecunias
1426 3597 1546 3659 dederat.

377 3700 455 3762 ALll.
479 3699 583 3761 Deinde
597 3711 638 3761 est
657 3700 732 3761 locus
751 3700 840 3761 dictus
862 3700 974 3781 Dctplun
997 3713 1020 3759 ct
1040 3698 1183 3760 Caraudaa.
1203 3700 1290 3760 Causa
1310 3701 1452 3761 nominum
1472 3700 1530 3761 lraec
1544 3713 1593 3765 est.

336 3803 381 3864 Vir
396 3804 448 3864 luit
467 3804 553 3865 incola
576 3803 683 3864 Chalcis
699 3804 869 3871 nominatus,
885 3825 985 3887 genere
1000 3804 1160 3886 Byzantius,
1176 3803 1285 3865 scientia
1311 3802 1490 3869 citbaroedus,
1514 3806 1593 3866 nullis

333 3907 448 3967 summis
464 3906 641 3990 [citharoedis]
657 3904 837 3977 inferior3'ad
852 3928 949 3989 quem,
965 3929 1053 3990 quum
1069 3906 1136 3966 stola
1152 3905 1263 3966 indutus
1278 3904 1406 3966 Orlliium
1422 3928 1531 3967 casinen
1546 3930 1593 3968 ca·

282 4011 312 4062 Ιθ
332 4021 421 4081 neret,
435 4011 580 4094 delphinus
595 4032 626 4070 ex
643 4010 740 4093 pelago
753 4011 869 4078 exstitit,
886 4031 985 4092 pronas
1000 4008 1034 4069 ad
1050 4009 1190 4070 cantilenae
1203 4009 1337 4092 impetum
1354 4031 1432 4070 aines
1448 4010 1591 4081 inclinans,

334 4115 477 4175 niardimae
490 4137 545 4175 orae
560 4115 700 4184 insistens,
715 4123 788 4175 extra
803 4136 878 4174 rrrare
893 4115 1028 4175 eminens.
1045 4112 1204 4196 adspectum
1219 4112 1364 4174 sublimem
1379 4135 1489 4197 gerens,
1506 4125 1536 4175 ut
1552 4137 1593 4177 ve

332 4218 451 4279 liernenti
467 4227 548 4279 cantu
571 4218 740 4300 impleretur,
763 4217 798 4277 ob
818 4216 949 4278 audiendi
964 4216 1086 4277 studium
1106 4216 1172 4277 nihil
1192 4239 1207 4276 a
1231 4217 1291 4277 vadi
1307 4217 1488 4278 commotione
1504 4218 1590 4278 laesus.

332 4321 384 4390 Oui
398 4330 490 4382 autem
502 4320 624 4382 Chalcidi
635 4321 696 4381 dnis
713 4320 841 4388 canendi,
856 4319 928 4380 idem
941 4319 1069 4402 delphino
1085 4321 1218 4381 terminus
1231 4319 1375 4403 voluptatis
1389 4320 1590 4407 felicitatisque:

332 4424 378 4484 ubi
395 4425 468 4485 enim
484 4424 527 4485 ille
543 4445 639 4486 canere
657 4422 812 4489 desinebat,
836 4423 880 4484 bic
894 4445 971 4483 mare
990 4422 1112 4493 subibat,
1129 4424 1162 4483 ad
1181 4446 1342 4507 moremque
1358 4424 1462 4485 vivendi
1478 4446 1592 4487 cousue-

280 4526 311 4577 l·'›
332 4538 390 4586 urm
411 4526 525 4588 redibat.
547 4526 686 4588 Carandas
706 4536 799 4610 yaastor
817 4526 920 4594 accola,
944 4527 999 4587 sive
1019 4526 1118 4587 invidia
1138 4537 1221 4610 atque
1235 4525 1298 4587 odio
1316 4526 1343 4586 in
1365 4526 1520 4589 Chalcidem
1536 4529 1591 4589 siro

370 4708 393 4739 a.
415 4688 588 4761 «Experientia
606 4689 641 4741 rei
660 4686 729 4741 dedit
747 4688 797 4740 loco
816 4705 923 4740 nomena
999 4687 1110 4740 ἀὲιηιάιινι
1121 4689 1195 4740 erasit
1208 4687 1329 4739 caruileme
1341 4687 1451 4757 impetum
1465 4688 1511 4740 Gb.
1524 4690 1533 4761 ᾖ
1549 4693 1590 4743 ι3.

330 4791 379 4824 om.
393 4772 439 4826 Gb.
455 4771 464 4846 ll
480 4773 533 4826 ίι-ῦ.
553 4773 627 4824 aniani
639 4772 801 4844 ruaguitudiue
812 4771 859 4825 Cb.
874 4770 883 4845 ΙΙ
899 4791 924 4844 7.
1000 4772 1060 4844 aqui
1073 4778 1155 4825 autem
1163 4811 1242 4824 .....
1257 4771 1445 4843 felicitatisque»
1461 4792 1510 4825 om.
1520 4773 1565 4826 Gb.
1576 4773 1585 4846 ll

330 4854 462 4926 Delphinus
474 4867 495 4908 et
511 4854 650 4909 Charondae
669 4856 715 4911 Cb.
730 4854 739 4929 ll
755 4859 779 4909 8.
801 4855 865 4909 aluit
882 4856 923 4909 in-
1005 4857 1043 4909 ιίι.
1052 4876 1124 4929 pauiu
1136 4867 1213 4909 nutem
1225 4854 1318 4907 Chalcis
1328 4874 1410 4907 rariore
1417 4854 1534 4909 desinebat
1543 4857 1589 4908 del-

329 4941 398 4993 eolaa
412 4960 462 4993 om.
475 4938 522 4993 Gb.
537 4937 546 5013 ll
562 4957 587 5010 9.
608 4939 656 4992 aad
667 4958 758 5012 quemn
770 4959 819 4992 om.
834 4940 924 4995 Gb—
996 4941 1084 5012 plinus
1096 4960 1161 4993 mare
1172 4939 1264 4993 subibat
1277 4940 1309 4991 ad
1320 4939 1441 5012 locumque
1455 4951 1588 4994 consuetum

331 5027 407 5078 estole
421 5025 540 5079 indutusa
554 5044 603 5078 orn.
617 5024 664 5079 Cb.
679 5023 689 5100 ss
707 5044 747 5078 ιο.
758 5046 827 5099 sepau
837 5025 870 5078 od
879 5045 924 5077 au·
999 5023 1088 5077 redibat
1099 5023 1145 5078 Gb.
1161 5024 1170 5096 ll
1189 5025 1229 5078 15.
1245 5024 1385 5077 Charondae
1395 5036 1478 5095 pauor·
1490 5025 1536 5079 Gb.

1388 5164 1402 5191 el
