4282 6368
493 607 551 669 122
928 606 1130 670 APPENDIX
1153 607 1321 670 ALTERA.

491 758 541 808 τοῦ
558 754 671 831 θέρους
686 752 766 820 ήτοῦ
781 756 936 829 χειμῶνος·
956 751 1152 826 ἀντιτιθέμενα
1166 747 1196 808 δέ
1209 758 1312 817 ταῦτα,
1323 753 1513 818 ἀντισήκωσις
1522 755 1648 829 γίνεται,
1659 755 1697 811 ὡς
1711 754 1758 810 ἀεί

436 862 471 915 ‘25
489 854 555 912 ίσον
567 856 654 911 αὐτὸν
668 856 739 912 εἶναι
754 857 854 932 ἐαυτῷ.

533 955 624 1014 Οὐτος
639 959 655 1014 ὁ
670 942 769 1034 ίοθρος
780 959 833 1024 τήν
848 951 918 1012 ίδίαν
932 959 1139 1036 προσηγορίαν
1155 954 1301 1031 φυλάσσει
1317 961 1371 1015 έως
1386 958 1503 1036 Σιρμίου
1519 965 1571 1026 τῆς
1587 955 1681 1015 πάλαι
1700 949 1758 1016 Ῥω·

492 1062 580 1133 μαίων
604 1055 770 1135 εὐδαίμονος
789 1056 923 1126 πόλεως,
944 1057 1071 1136 έσχατον
1091 1055 1122 1117 δέ
1143 1063 1199 1118 ὑπὸ
1223 1056 1370 1129 Τηπαίδων
1392 1061 1569 1136 οίκουμένης.
1591 1050 1757 1120 Ᾰπούάλλει

492 1165 587 1237 μέντοι
599 1164 682 1243 παρά
695 1170 756 1221 τοῖς
769 1165 935 1242 ἐπιχωρίοις
946 1164 980 1220 τὸ
991 1163 1158 1242 ἔμπροσθεν
1168 1163 1273 1237 ὄνομα,
1289 1162 1441 1222 Δανοὺὐιος
1454 1161 1655 1239 μετακληθείς·
1667 1168 1758 1223 οὑτως

489 1266 546 1345 γάρ
562 1268 648 1324 αὐτὸν
660 1268 687 1324 οί
701 1269 813 1346 Θρᾷκες
829 1263 984 1333 ἐκάλεσαν,
999 1262 1069 1323 διότι
1084 1268 1125 1324 τίς
1138 1268 1174 1324 τά
1187 1269 1266 1347 πρὸς
1280 1267 1386 1347 ἀρκτον
1397 1269 1443 1325 καί
1456 1268 1606 1344 θρασκίαν
1620 1267 1675 1348 δρη
1689 1288 1757 1327 συν-

436 1375 471 1428 30
490 1371 582 1441 νεφής
595 1372 612 1426 ὑ
625 1369 735 1452 ἀήρῶν
747 1370 781 1426 ἐκ
794 1377 846 1439 τής
862 1372 1053 1443 ὑποκειμένης
1066 1376 1124 1426 τῶν
1140 1372 1237 1448 ὑγρῶν
1252 1372 1386 1448 ἀμετρίας
1401 1370 1488 1428 αίτιος
1503 1371 1598 1428 αὐτοῖς
1614 1377 1757 1448 συνεχοῦς

490 1470 647 1552 ἐτομθρίας
662 1469 817 1547 νομίζεται·
835 1470 972 1529 Δανοὺὑ
977 1491 1029 1529 ιον
1044 1468 1076 1529 δέ
1087 1473 1139 1529 τδν
1157 1470 1409 1553 νεφελοφὺρον
1427 1475 1531 1531 ἐκεῖνοι
1546 1469 1685 1530 καλοῦσιν
1696 1493 1758 1530 πα-

489 1576 582 1653 τρίως.
598 1565 739 1633 δῖντεῦθεν
754 1571 967 1650 μεταύέέληκεν
983 1578 1000 1632 δ
1014 1561 1114 1655 ίσίρος
1130 1579 1184 1643 τήν
1200 1578 1303 1633 ἑαυτοῦ
1318 1577 1483 1650 ὀνομασίαν,
1498 1573 1651 1634 Δανούὐιος
1671 1595 1755 1650 μετα-

489 1674 615 1744 κληθείς.

531 1777 623 1838 Οὐδέν
637 1777 668 1838 δέ
685 1779 859 1856 θανμασίὸν
878 1782 905 1838 εί
919 1784 936 1838 ὁ
955 1767 1067 1860 ίσίρος,
1083 1776 1284 1861 έξορμῶμενος
1300 1788 1351 1839 τοῦ
1367 1776 1545 1862 Παραδείσου
1562 1783 1609 1838 καί
1622 1785 1705 1860 παρὰ
1718 1790 1756 1856 τῇ

435 1890 469 1943 35
489 1887 590 1963 Γραφῇ
604 1881 781 1960 καλοὺμενος
795 1885 914 1952 Φησὼν,
922 1885 955 1940 έκ
967 1889 1018 1940 τοῦ
1031 1879 1305 1963 τήςδὺσεωςὺρους,
1313 1882 1393 1962 λέγω
1405 1880 1440 1953 δή
1451 1889 1503 1940 τοῦ
1512 1872 1668 1940 Ᾰπεννίνου
1676 1887 1758 1959 ,φαί-

489 2006 566 2043 νεται
579 1985 739 2066 ἀναὺρύων·
753 1988 800 2044 καί
808 1988 866 2066 γάρ
877 1989 924 2044 καί
936 1989 951 2043 ὑ
961 1983 1078 2054 Νεῖλος,
1090 1984 1274 2065 ὑλεγύμενος
1282 1989 1373 2057 Γηὼν,
1381 1989 1415 2045 ἐκ
1424 1993 1475 2044 τοῦ
1485 1988 1570 2045 αὑτοῦ
1580 1982 1756 2066 Παραδείσου

488 2093 612 2165 προῖὼν,
628 2093 694 2165 μίαν
707 2093 760 2166 μέν
770 2094 873 2168 πηγήν
893 2091 956 2168 έχει
972 2092 1014 2147 είς
1032 2087 1146 2159 Λιύὑην,
1166 2093 1268 2170 ἑτέρας
1286 2086 1318 2147 δέ
1337 2087 1387 2147 δὺο
1402 2091 1443 2148 είς
1461 2094 1515 2159 τήν
1534 2091 1592 2147 ἀνω
1608 2091 1756 2147 Δίθιοπίαυ

488 2195 559 2249 κατὰ
574 2196 671 2250 νότον·
689 2192 728 2250 ὧν
741 2195 935 2271 μισγομένων,
950 2189 1128 2272 πλημμυρεῖ
1135 2195 1169 2250 τὸ
1180 2189 1254 2274 ὐδωρ
1266 2196 1352 2251 αὐτοῦ
1364 2195 1412 2251 καί
1423 2191 1537 2261 ποτίζει
1547 2197 1602 2262 τήν
1612 2192 1756 2272 Αίγυπίον

489 2296 645 2376 Αὐγοὺσίῳ
666 2299 745 2372 μηνί·
761 2297 808 2353 καί
827 2302 887 2354 τοῖς
909 2297 962 2371 μέν
984 2292 1114 2353 πολλοῖς
1135 2291 1220 2353 δοκεῖ
1239 2298 1358 2374 ἀπορίας
1380 2292 1497 2354 πολλάς
1515 2299 1623 2355 τίκτειν
1641 2303 1707 2354 πῶς
1722 2298 1756 2352 ἐν

433 2407 468 2459 ίθ
486 2407 575 2479 καιρῷ
591 2398 733 2479 αὑχμώδει
746 2398 932 2480 πλημμυρεῖ,
950 2402 1033 2467 ήνίκα
1046 2395 1197 2480 λειήυδρία
1208 2401 1332 2481 ὑπάρχει
1348 2407 1389 2480 τῷ
1402 2403 1505 2459 παντί·
1520 2407 1581 2459 τοῖς
1601 2397 1633 2458 δὲ
1649 2402 1685 2458 τά
1703 2408 1756 2467 τῆς

487 2506 603 2583 Γραφής
618 2508 757 2563 ἀσκοῦσιν
772 2500 905 2578 οὐδεμίαν
918 2506 1008 2561 τίκτει
1025 2499 1211 2581 ἀμφιύολίαν·
1225 2504 1293 2562 ὑθεν
1307 2504 1353 2561 καί
1367 2505 1450 2584 παρά
1464 2511 1525 2562 τοῖς
1544 2500 1758 2584 ίεροτελεσίαῖς

486 2614 543 2664 τῶν
555 2607 717 2684 Αίγνπίίων
728 2609 766 2665 ῶς
775 2610 914 2687 ἐρευνῶσι
922 2608 1071 2686 τάκρὺφια
1087 2597 1270 2665 Ᾰσίάπους
1284 2604 1452 2682 ὀνομάζεται
1458 2650 1467 2676 ,
1475 2607 1491 2665 δ
1499 2608 1686 2688 ἐρμηνεύεται
1693 2605 1756 2663 κατ’

487 2710 658 2786 Αίγυπίίους
670 2712 708 2768 ἐκ
720 2713 870 2768 σκότους
885 2707 988 2790 ὐδωρ,
1001 2706 1045 2767 διά
1057 2714 1091 2768 τὸ
1104 2705 1211 2778 ἀδηλον
1220 2718 1271 2778 τῆς
1284 2707 1446 2769 ἀναδόσεως
1458 2713 1543 2768 αὑτοῦ
1555 2712 1611 2767 ἀπὸ
1623 2717 1674 2778 τῆς
1686 2719 1753 2786 γῆς·

486 2816 512 2871 οί
526 2817 584 2894 γάρ
599 2819 638 2890 μή
651 2822 741 2872 ταῦτα
753 2817 825 2894 περί
841 2816 926 2872 αὑτοῦ
938 2809 1121 2881 δοξάζοντες,
1136 2815 1177 2871 είς
1193 2816 1292 2894 μυρίας
1307 2812 1498 2890 ἐμπίπίοντες
1509 2816 1643 2894 ἀπορίας,
1657 2816 1756 2887 μένου·

432 2923 466 2975 55
485 2938 533 2975 σιν
552 2921 607 2976 έως
625 2915 730 2975 τέλους
748 2924 799 2985 τῆς
818 2913 952 2985 ἀληθείας
967 2912 1216 2991 ἀποπλανῶμενοι.
1234 2919 1286 2974 Καί
1302 2918 1400 2993 μέντοι
1414 2919 1461 2974 καί
1476 2917 1551 2997 περί
1564 2912 1696 2996 Τίγριδος
1708 2918 1757 2973 καί

486 3024 637 3100 Εὐφράτου
651 3023 685 3078 τὸ
697 3021 765 3079 αὐτὸ
776 3007 935 3086 δοξάζεται·
950 3022 984 3077 ἐκ
994 3026 1045 3076 τοῦ
1060 3016 1237 3099 Παραδείσου
1247 3021 1305 3100 γάρ
1319 3023 1449 3100 ἑκάτεροι
1461 3024 1514 3089 τήν
1525 3023 1662 3097 γέννησιν
1672 3020 1755 3098 έχον-

486 3143 547 3190 τες,
560 3121 715 3182 ὑποδῦντες
726 3126 780 3193 τήν
789 3131 846 3200 γῆν
861 3124 1061 3199 ἀναφαίνονται
1073 3124 1145 3179 κατά
1158 3126 1210 3181 τὸν
1224 3127 1337 3204 Ταῦρον
1348 3127 1383 3182 τὸ
1395 3123 1471 3204 θρος.
1485 3126 1538 3181 Καί
1548 3127 1564 3182 ὁ
1576 3126 1629 3198 μέν
1643 3125 1756 3201 Εὐφρά·

485 3201 537 3294 της
550 3223 641 3295 δήλην
655 3228 719 3305 ἔχει
732 3229 786 3296 τήν
801 3223 970 3284 ἀνάύλυσιν·
986 3227 1091 3283 κατιὼν
1106 3222 1138 3283 δέ
1149 3227 1183 3283 ἐκ
1197 3233 1255 3284 τῶν
1270 3223 1394 3308 βορείων
1409 3233 1504 3308 μερῶν
1517 3230 1596 3308 πρὸς
1608 3229 1644 3283 τά
1661 3229 1756 3294 νότια,

486 3327 659 3398 πλησιάζων
677 3337 717 3409 τῷ
738 3333 869 3410 Περσικῷ
889 3326 1005 3409 κόλπῳ,
1020 3327 1074 3399 έλη
1095 3332 1215 3405 ἐμποιεῖ
1226 3332 1274 3388 καί
1288 3327 1444 3406 καλαμώδη
1458 3328 1602 3407 τέλματα,
1616 3333 1663 3388 καί
1680 3334 1756 3409 περί

431 3434 466 3488 50
486 3436 557 3491 αὐτὰ
577 3431 744 3508 είλούμενος
761 3429 873 3501 ἀδήλως
891 3429 1065 3508 ἀφανίζεται.
1084 3423 1107 3489 O
1128 3435 1226 3508 μέντοι
1246 3435 1359 3514 Τίγρις,
1378 3435 1435 3492 ἀπὸ
1453 3453 1530 3491 τινος
1546 3431 1649 3508 λίμνης
1665 3430 1757 3511 λεγο-

487 3540 574 3611 μένης
588 3532 740 3594 Θωνίτιδος
752 3531 864 3605 ἀδήλως
878 3532 972 3603 ἐξιὼν,
983 3537 1030 3592 καί
1047 3537 1131 3593 αὐτὸς
1143 3536 1253 3613 οίχεται
1267 3539 1346 3617 πρδς
1359 3538 1395 3593 τά
1411 3538 1491 3594 νότια
1504 3539 1587 3616 μέρη,
1604 3538 1652 3594 καί
1665 3531 1755 3594 διακά

484 3639 563 3697 πίων
575 3643 687 3720 Ταῦρον
697 3642 731 3697 τὸ
750 3637 818 3719 ὅρος
831 3640 904 3718 περὶ
918 3637 1110 3697 Μασσαὺάτας
1125 3643 1238 3697 ένοῦται
1251 3647 1293 3720 τῷ
1307 3642 1458 3720 Εὑφράτη,
1473 3641 1520 3697 καί
1534 3635 1687 3717 διασχίζων
1700 3645 1757 3707 τήν

485 3741 640 3802 Βαύνλῶνα
650 3745 696 3801 καί
707 3744 812 3800 κατιὼν
822 3739 956 3809 πλησίον
968 3741 1130 3821 Τερηδύνος
1139 3739 1288 3801 είσάάλλει
1300 3743 1340 3801 είς
1350 3745 1401 3800 τὸν
1409 3745 1553 3823 Περσικὸν
1563 3739 1683 3799 κόλπον.
1694 3745 1756 3820 Πρὸ

485 3844 516 3904 δὲ
526 3855 577 3904 τοῦ
587 3847 725 3915 ένωθῆναι
737 3852 777 3925 τῷ
788 3846 935 3925 Εὐφράτη,
946 3846 1105 3923 ἀμφάτεροι
1116 3841 1254 3913 ἀλλήλων
1264 3841 1429 3924 διηρημένοι
1443 3847 1559 3925 ῥέοντες
1567 3849 1688 3901 ποιοῦσι
1700 3849 1756 3910 τήν

431 3951 465 4003 55
486 3947 650 4027 λεγομένην
666 3951 901 4024 Μεσοποταμίαν,
917 3947 1045 4025 έχουσαν
1059 3944 1174 4005 πλάτος
1190 3950 1246 4004 ἀπὸ
1261 3949 1413 4029 Εὐφράτου
1429 3949 1515 4028 μέχρι
1530 3943 1662 4028 Τίγριδος
1674 3944 1756 4023 μίλια

484 4042 560 4109 fffi
570 4055 616 4110 καί
632 4049 732 4110 σίάδια
746 4041 770 4108 Κ
784 4053 856 4109 κατά
869 4055 923 4121 τήν
939 4053 1133 4132 ἀναμέτρησιν
1147 4041 1363 4132 Ερατοσθένους
1374 4057 1425 4109 τοῦ
1437 4049 1709 4127 πολυμαθεσίάτον.

520 4277 558 4323 211.
570 4270 586 4324 ή
596 4273 641 4318 τοῦ
651 4263 734 4338 δήλη.
746 4261 923 4333 ὑτήγηταίδων
936 4262 977 4338 Βήή
988 4274 1026 4321 αθ.
1039 4284 1081 4331 με·
1155 4266 1302 4332 πλημμύραι
1312 4261 1594 4337 &Awana-551
1604 4262 1686 4339 Βήήὺι.
1695 4263 1756 4319 οὐδὲ

485 4341 612 4399 ταὺληθείς
625 4343 760 4405 0,-οὐτω
775 4337 804 4392 δέ
815 4337 926 4414 οῆήήαρ.
941 4339 1045 4412 θράκες
1057 4349 1080 4396 s.
1156 4341 1213 4406 μίαν
1223 4350 1245 4396 S.
1256 4338 1266 4412 Ιή
1277 4350 1315 4397 ἀν,
1330 4339 1473 4392 αἰϊίάστους
1484 4339 1526 4413 R„
1540 4349 1578 4396 ίιθ.
1593 4341 1756 4409 πληγέντων

484 4413 554 4467 -δί
567 4418 604 4468 άτι
617 4425 639 4472 S.
650 4416 659 4488 11
671 4424 752 4487 νρ-δο.
765 4417 876 4481 συναφής
887 4424 914 4479 Q.
925 4412 934 4487 ή
945 4423 983 4469 3ο.
996 4421 1045 4466 τῶν
1057 4414 1081 4466 ἀ·
1155 4422 1181 4470 R.
1200 4413 1209 4489 ήί
1224 4424 1263 4486 ἀρ.
1278 4421 1320 4466 τῶι
1335 4421 1461 4489 περσικῶι
1480 4418 1574 4467 κὺλπωι
1590 4425 1612 4471 s.
1625 4451 1658 4458 -
1671 4417 1761 4484 ίμαιεῖ

484 4499 555 4564 γρῶν
568 4490 698 4564 flumas.
708 4486 1079 4545 αίτιος.....Δανούὐιονδέοοε.
1155 4491 1195 4541 καί
1208 4510 1232 4542 κ.
1246 4488 1378 4563 Βήήίιη-ὐο.
1396 4491 1459 4563 περί
1471 4491 1531 4542 αὐτὰ
1544 4491 1589 4557 μὲν
1605 4499 1629 4546 R.
1640 4486 1650 4562 ή
1660 4501 1699 4547 5ο.
1718 4493 1756 4543 τί-

485 4579 512 4632 Q.
526 4565 535 4639 ή
548 4577 586 4624 31.
598 4565 757 4631 νεφελύνεφη
774 4575 802 4630 Q.
819 4565 964 4630 νεφελάφος
976 4572 1003 4621 R.
1017 4561 1026 4637 ήή
1041 4573 1079 4621 32.
1154 4563 1260 4637 γρηςὸή
1272 4568 1755 4637 5ι.κάυτνς8,ιιὺίεἰηοοιοέεῑιεεοοάε

485 4642 550 4714 ίσθρι
564 4652 590 4706 Q.
603 4640 612 4715 Η
625 4650 664 4697 δή.
677 4649 715 4692 τῦι
724 4645 820 4713 γραφῦι
833 4649 856 4696 S.
869 4639 878 4712 Ιή
888 4650 927 4696 35,
940 4638 1081 4707 λεγόμενος
1154 4663 1244 4696 πνουν.
1284 4650 1322 4695 έν.
1340 4642 1385 4692 τὸν
1399 4647 1491 4713 ταῦρον
1503 4648 1565 4696 R.—
1574 4638 1713 4707 μασαὺἀτας
1724 4648 1754 4698 R.

485 4719 579 4780 φιισὼν
592 4726 618 4780 Q.
633 4715 774 4784 λεγόμενος
790 4719 870 4779 φυσῶν
880 4715 973 4770 3.-ἀν
989 4721 1023 4765 τῶ
1037 4722 1081 4773 τῆς
1154 4751 1187 4758 -
1199 4721 1239 4766 τῶν
1251 4714 1371 4786 εὑφράτηι
1383 4725 1405 4771 S.
1415 4715 1425 4790 ή
1435 4725 1519 4772 53-5ά.
1534 4717 1590 4788 πρὸ
1599 4710 1680 4766 τοῦδέ
1690 4717 1753 4768 ἀνω·

441 4852 444 4859 ⁴
485 4789 577 4845 δὺσεωι
589 4790 862 4864 ἀραιῶ-τῶάπεννίω
874 4798 900 4854 Q.
913 4795 959 4841 τοῦ
963 4789 1080 4841 ἀπεννίου
1154 4788 1223 4848 θῆναι
1231 4797 1273 4841 τῶι
1281 4788 1444 4864 εὐφράτηιεήή
1454 4799 1493 4847 δή,
1505 4786 1753 4862 διηιρημενοιὺῖήήύῡ,

485 4865 570 4940 ΗήΙῦύ.
581 4869 621 4918 καί
636 4880 687 4938 post
699 4866 739 4916 καί
748 4866 783 4933 γά
811 4889 857 4921 om.
867 4863 953 4937 Βήὺθ.
963 4865 1080 4932 πλημμύ·
1154 4863 1249 4934 ἔχουσα
1261 4862 1454 4937 Β.Ιή55·56.8ιιιιῖ
1462 4867 1528 4931 μίλια
1536 4875 1582 4922 ὑοά
1593 4880 1616 4921 et
1625 4872 1697 4920 stadia
1709 4863 1749 4938 ίιήΙ

484 4962 523 5015 ρει
533 4953 616 4998 omisso
625 4945 655 4994 τὸ
664 4937 729 5012 ὐδωρ
742 4950 765 4997 S.
780 4885 840 5014 [39.
853 4938 991 5008 αὐγούσίωι
1005 4949 1028 4996 S.
1041 4941 1080 4991 οὐ·
1155 4947 1192 4995 56.
1206 4939 1388 5011 ἀρατοσθίνους
1397 4963 1450 4996 cum
1458 4948 1523 5012 signo
1534 4948 1624 5012 hyphen
1636 4948 1659 4995 in
1672 4947 1754 4996 οοάἰσε

484 5018 594 5085 γούσίον
603 5026 628 5074 R.
639 5016 648 5091 ήί
661 5027 699 5074 ίιο,
710 5022 794 5090 καιρῶι
808 5025 831 5073 S.
839 5051 871 5058 —
879 5011 1005 5086 αὐχμωδεῖ
1012 5023 1038 5072 R.
1047 5051 1079 5059 -
1154 5024 1176 5070 S.
1186 5021 1270 5067 -τοῦ
1278 5015 1439 5082 πολυμαθοῦς
1451 5024 1477 5071 R.
