4282 6368
543 605 583 666 λδ
972 604 1155 668 ntontsn
1180 604 1372 668 ntznnnn

585 745 700 806 LXXXI.
724 745 788 806 Post
800 746 874 807 Irunc
889 756 929 807 est
939 760 1033 828 portus
1048 745 1187 827 Lyciorum
1192 770 1203 814 ;
1221 746 1244 806 is
1258 745 1456 806 subarenosnm
1472 744 1546 805 littus
1561 754 1587 805 et
1602 744 1692 805 sterile
1707 743 1803 807 habet.

543 850 570 909 in
585 870 670 933 psum
684 849 791 910 ambitu
802 847 879 909 valde
893 848 983 909 bonus
998 858 1024 908 et
1039 849 1136 909 firmus
1148 857 1281 931 tutusque
1295 860 1344 908 est.

585 951 713 1013 LXXXII.
736 952 825 1034 Supra
838 952 910 1013 hunc
922 951 1184 1035 portumlsyciorum
1197 962 1238 1013 est
1248 950 1387 1033 Myrileam
1399 944 1466 1029 (Err’
1479 955 1556 1032 αὐτῷ
1567 950 1671 1034 [λιμένι
1683 949 1804 1031 Λυκίων]

543 1055 697 1138 Μνρὶλειόν
712 1056 804 1133 eon),
820 1053 990 1116 domicilium
1005 1075 1101 1116 eorum
1115 1054 1161 1138 qni
1173 1054 1209 1115 ob
1224 1052 1384 1114 seditionem
1400 1076 1415 1113 a
1432 1053 1540 1137 IIyrIaea
1557 1053 1584 1113 in
1600 1053 1725 1113 exsilium
1741 1075 1805 1135 pro-

506 1170 522 1221 5
539 1161 602 1243 jeeti
617 1159 672 1220 Imc
686 1158 774 1220 solnm
791 1168 941 1220 verterunt.

585 1261 727 1323 LXXXIII.
750 1263 813 1324 Post
834 1261 978 1345 Myrileum
999 1271 1039 1322 est
1058 1262 1179 1328 Licnias,
1203 1261 1314 1321 I'orsitan
1331 1261 1487 1321 nominatus
1499 1261 1555 1320 sive
1570 1282 1601 1321 ex
1623 1282 1656 1320 eo
1675 1260 1751 1342 (pund
1769 1260 1805 1319 ad

543 1365 748 1425 similitudinem
765 1386 898 1427 cunarum
916 1365 1114 1434 concessissit,
1135 1363 1191 1424 sive
1205 1385 1236 1425 es
1252 1385 1284 1424 eo
1301 1364 1366 1447 quia
1382 1362 1534 1424 secrrndum
1550 1363 1619 1423 imas
1634 1385 1697 1423 suas
1713 1373 1805 1446 partes

545 1467 666 1551 undique
679 1490 756 1528 snam
772 1468 921 1551 projectam
934 1468 1110 1528 eminentiam
1126 1466 1230 1528 dilatat.

587 1568 726 1630 LXXXIV.
750 1568 829 1653 dpud
843 1571 916 1631 Irnnc
929 1570 1017 1629 Iocum
1030 1579 1072 1631 est
1086 1569 1160 1630 collis
1173 1591 1270 1630 saxeus
1285 1578 1461 1651 nuncupatus
1478 1567 1635 1651 Gypopolis,
1650 1590 1802 1652 cognomen
1857 1560 1865 1573 ⁸

493 1684 523 1736 nr
543 1673 659 1756 adeptus
674 1674 729 1734 sive
741 1672 776 1733 ab
791 1674 961 1733 immanitate
976 1672 1105 1733 Thracica
1121 1683 1148 1733 ot
1162 1672 1278 1733 barbara
1299 1673 1456 1757 agrestique
1469 1673 1562 1752 (aiunt
1576 1673 1649 1733 enim
1667 1672 1710 1733 Iric
1728 1672 1807 1733 habi-

545 1787 614 1837 tasse
632 1776 731 1837 Phisreo
740 1777 797 1860 regi
811 1775 1114 1860 snlrjeetoscrudelitate
1127 1775 1278 1859 plurimum
1291 1776 1456 1847 emiuentest
1466 1823 1473 1843 ,
1485 1776 1542 1836 sivo
1556 1776 1637 1837 etiam
1653 1775 1805 1858 appellatus

544 1888 584 1939 est
598 1880 747 1962 Gypopolis
759 1902 792 1940 ex
806 1901 838 1941 eo
853 1880 929 1963 quod
945 1880 1065 1941 vultures
1081 1879 1237 1962 frequentes
1251 1878 1326 1962 apud
1341 1878 1416 1939 hunc
1431 1879 1521 1940 Iocum
1538 1879 1638 1940 versari
1654 1878 1803 1962 gaudeant.

587 1981 712 2043 LXXXV.
738 1983 820 2043 Panlo
840 1983 910 2043 ultra
932 1983 1096 2066 Gypopolim
1119 1991 1160 2042 est
1181 1992 1257 2064 petra
1278 1982 1374 2042 Dotina
1394 1983 1547 2053 nummata,
1563 2004 1619 2042 non
1632 1983 1660 2042 in
1676 2003 1806 2065 magnam

545 2087 628 2145 maris
641 2086 814 2147 altitudinem
826 2086 932 2155 abdita,
947 2107 1037 2169 neque
1052 2108 1134 2169 supra
1150 2108 1252 2170 aquarn
1267 2096 1388 2156 castanea
1405 2106 1487 2145 naves
1500 2086 1527 2146 in
1540 2087 1629 2169 ipsam
1645 2085 1807 2170 Impingun-

492 2199 523 2250 15
544 2200 597 2249 tur.
612 2188 698 2250 Petra
708 2211 809 2249 nomen
826 2190 912 2250 ironia
930 2188 1184 2273 dissimulantiaque
1194 2188 1265 2249 ridet
1275 2189 1464 2271 navigantium
1476 2189 1666 2271 ignorantiam.
1681 2194 1808 2258 uasti-na

544 2302 639 2352 vocant
655 2292 798 2352 Dorienses
813 2292 848 2352 alr
863 2292 922 2352 aliis
937 2292 1038 2352 Graecis
1053 2293 1222 2352 nominatam
1235 2300 1356 2371 capatus.

586 2393 724 2454 LXXXVI.
748 2393 812 2454 Post
833 2394 960 2454 {totinam
984 2402 1090 2475 petram
1110 2393 1214 2453 exsistit
1235 2393 1454 2475 promontorium
1471 2400 1662 2474 nuncupatum
1679 2391 1805 2458 Pasiam,

543 2495 703 2580 parallelum
718 2497 848 2580 Cyaneis,
865 2496 1047 2557 intercedente
1069 2495 1159 2557 medio
1177 2496 1261 2556 maris
1282 2496 1381 2556 littore.
1399 2494 1429 2555 In
1444 2496 1498 2555 fine
1513 2504 1605 2557 antem
1625 2496 1806 2578 promontorii

545 2622 635 2683 pmrae
654 2600 763 2666 insulas.
784 2600 891 2660 termini
912 2599 1014 2660 Pontici
1030 2599 1157 2670 marian
1175 2599 1330 2660 continente
1347 2598 1491 2681 diremptae
1509 2621 1595 2682 parvo
1616 2600 1700 2660 maris
1719 2601 1807 2682 spatio

490 2712 524 2765 20
545 2701 719 2772 Intermedio,
741 2701 816 2786 qnod
836 2702 991 2785 perlevibus
1011 2711 1038 2762 ot
1057 2703 1198 2784 perparvis
1218 2702 1333 2786 nangiis
1349 2702 1485 2784 permeari
1506 2712 1533 2761 et
1545 2702 1654 2762 transiri
1672 2712 1758 2784 potest
1773 2702 1808 2761 ob

545 2827 620 2865 maro
635 2805 749 2866 minime
761 2804 940 2888 profundum.
952 2804 1089 2866 Sublimes
1098 2815 1190 2866 autem
1204 2802 1313 2887 Cyanee
1323 2815 1349 2865 et
1362 2826 1445 2887 supra
1456 2826 1532 2865 mare
1542 2805 1633 2875 elatu,
1644 2804 1804 2888 adspectum

544 2917 668 2991 gerentes
684 2907 801 2968 similem
815 2907 923 2991 Cycno,
937 2907 1020 2968 sirea
1035 2918 1107 2969 terra
1123 2906 1296 2976 multilormi,
1312 2908 1368 2968 sire
1383 2929 1413 2967 ex
1429 2907 1591 2970 refractione
1608 2909 1700 2969 maris.
1717 2909 1806 2991 Supra

545 3010 668 3093 Cyaneas
683 3034 731 3070 ara
746 3011 849 3071 exsistit
864 3011 993 3092 Apollinis
1008 3034 1023 3071 a
1040 3012 1168 3072 Romanis
1183 3020 1294 3071 statuta.

586 3113 738 3175 LXXXVII.
763 3115 783 3175 Α
801 3114 917 3197 Cyaneis
931 3113 966 3174 ad
984 3115 1117 3175 orientem
1137 3113 1239 3174 multus
1255 3114 1358 3174 Pontus
1371 3124 1445 3197 patet
1465 3116 1491 3174 in
1514 3116 1661 3176 terminum
1676 3116 1806 3198 adspectu

490 3228 524 3281 λδ
545 3216 770 3300 iucomprehenso
789 3227 816 3277 et
835 3238 891 3277 non
911 3227 1039 3300 percepto
1058 3217 1143 3277 oculis
1166 3227 1282 3277 vastum.
1306 3216 1423 3278 Visionis
1437 3219 1529 3279 nescio
1544 3219 1668 3301 majorne
1682 3220 1806 3302 uoluptas

544 3343 579 3381 an
594 3320 748 3381 admiratio.
769 3322 787 3380 X
806 3318 920 3380 meridie
938 3329 1030 3380 antem
1050 3329 1090 3381 cst
1106 3320 1341 3402 promontorium,
1357 3319 1487 3382 claudens
1502 3321 1648 3403 pulchrum
1666 3323 1743 3383 Ponti
1762 3345 1806 3384 os·

544 3426 627 3493 tium,
643 3433 669 3485 et
684 3444 816 3506 magnum
833 3424 946 3506 pelagus
965 3433 992 3484 et
1010 3432 1136 3504 apertum
1154 3421 1326 3506 adstringens
1342 3423 1368 3482 in
1384 3422 1484 3484 fretum
1506 3434 1664 3508 angustum.
1682 3426 1720 3487 Es
1736 3427 1807 3508 Cya-

544 3528 602 3588 neis
617 3527 757 3610 Europaeis
770 3527 910 3610 trajicienti
926 3527 954 3586 in
968 3525 1057 3586 Asiam
1070 3527 1191 3608 primum
1204 3525 1317 3609 quidem
1330 3537 1368 3587 est
1378 3529 1597 3609 promontorium
1616 3540 1804 3612 uurrcnpatnm

581 3831 606 3881 3.
616 3847 688 3898 snper
697 3828 739 3879 tos
748 3839 781 3879 est
792 3824 918 3898 lerlaum
932 3826 984 3890 Gt,
996 3828 1039 3899 qui
1050 3826 1119 3880 addiI
1130 3850 1136 3880 :

544 3910 570 3963 In
590 3910 735 3981 Dionysiana
749 3910 826 3963 codice
844 3910 967 3981 legendnm
983 3922 1044 3982 puto
1056 3912 1137 3982 potins

543 3995 670 4067 :Vyrlsinm
677 4013 750 4068 qnam
758 3992 894 4065 llpm'la'nm
902 3993 1051 4065 (Myreleium
1060 3993 1136 4063 edd).

543 4081 625 4133 Graeca
640 4077 730 4132 deinde
746 4078 817 4151 ponit
831 4078 882 4147 (ΙΙ,
898 4096 951 4138 sn,
969 4097 994 4151 p.
1015 4078 1078 4138 158.
1097 4077 1136 4131 ed.

542 4164 637 4236 princ.)
654 4163 679 4215 in
693 4161 758 4216 hunc
772 4160 873 4214 modum
887 4183 893 4214 ι
912 4153 964 4213 ns’
982 4164 1045 4229 αὐτῷ
1058 4162 1137 4228 λιμένι

543 4249 639 4299 Λυκίων
658 4246 793 4319 Μνριλειόν
815 4246 881 4306 lats.
900 4245 943 4298 ubi
963 4245 1034 4299 rerba
1057 4247 1137 4312 λιμένι

542 4334 638 4384 nantas
658 4331 718 4384 milri
734 4329 830 4383 videtur
845 4329 935 4384 Gillias
954 4329 985 4383 de
1004 4349 1048 4383 suo
1066 4329 1137 4383 addi-

542 4414 618 4478 duee,
626 4416 718 4488 quippe
728 4433 805 4487 quum
814 4413 900 4487 Xnapli
911 4422 996 4467 auctor
1007 4413 1137 4487 Dionysius

543 4497 1137 4572 ubiquec's'astsq3‚omissosuhstantiso‚seribere

543 4583 702 4636 consueverit.
711 4582 795 4655 Itaque
804 4582 873 4636 uncis
882 4582 976 4635 seclusi.
983 4580 992 4655 II
1001 4584 1043 4637 ss.
1054 4584 1137 4637 Graece

543 4667 640 4721 ridetur
651 4666 724 4720 luisse
740 4668 834 4719 Δωιίνιι
845 4664 928 4720 dorico
945 4684 1014 4719 more
1026 4685 1071 4739 pro
1083 4672 1137 4719 Δω-

542 4750 620 4824 stumll
630 4751 671 4804 18.
680 4752 739 4806 Post
744 4750 888 4821 parallelum
898 4748 996 4821 Cyaneis
1005 4749 1075 4803 addit
1082 4750 1135 4804 Gb:

543 4839 615 4910 quasi
622 4854 671 4907 par
683 4847 704 4888 et
716 4834 827 4889 oemislum
840 4845 922 4887 contra
937 4832 1042 4905 Cyanam
1054 4836 1135 4888 situm.

544 4922 605 4984 Quae
621 4919 693 4974 verba
712 4918 831 4992 expunxi,
849 4937 926 4991 quum
946 4917 1007 4972 nihil
1024 4919 1075 4971 sint
1089 4919 1136 4972 nisi

542 5005 712 5078 interpretatio
723 5021 807 5077 greca
816 5002 880 5056 vocis
892 5004 1069 5075 παράλληλον.
1083 5002 1136 5056 ne

1213 3828 1264 3880 uim
1283 3828 1365 3880 Groeca
1383 3830 1493 3903 suspicor
1509 3829 1584 3883 luisse
1601 3830 1652 3884 huc
1667 3853 1673 3883 ε
1690 3831 1756 3883 Μεθ’
1776 3835 1806 3890 ἦν

1212 3913 1263 3980 (sc.
1281 3914 1390 3967 Δωτίνιιν
1410 3913 1448 3966 rel
1466 3915 1576 3966 Larinas
1592 3916 1706 3988 πέτραν)
1725 3916 1806 3986 dapar

1212 3996 1368 4061 καλούμενον
1375 3997 1492 4061 Πάνειον,
1503 3998 1671 4070 παράλληλον
1680 4002 1806 4052 Κυανέαις,

1216 4075 1276 4150 llas.
1291 4077 1478 4149 θναννειινανῷ.
1489 4079 1498 4153 ll
1511 4083 1554 4133 s3.
1568 4081 1606 4135 CI.
1620 4081 1658 4136 tib
1670 4085 1805 4137 eommll.

1212 4163 1281 4231 sris(
1287 4182 1313 4236 p.
1325 4166 1389 4226 rso,
1399 4164 1437 4218 ed.
1447 4165 1540 4237 princ.)
1550 4165 1591 4218 nbi
1601 4166 1765 4240 interpunctio
1773 4170 1806 4221 sis·

1212 4245 1308 4300 videtur
1322 4247 1465 4320 corrigenda
1484 4270 1490 4301 z
1510 4246 1613 4321 Vestigia
1627 4269 1678 4304 ara
1692 4250 1807 4322 Apollinis

1211 4349 1283 4402 quam
1295 4329 1421 4401 Dionysius
1436 4332 1510 4385 tradit
1522 4333 1638 4386 Romanos
1646 4336 1757 4388 statuisse
1765 4357 1807 4389 su-

1208 4432 1257 4484 pra
1266 4412 1371 4487 Cyaneas
1380 4416 1605 4485 uallajamaastant
1612 4459 1618 4481 ‚
1626 4420 1674 4472 nisi
1682 4418 1807 4472 scrobirnli

1211 4498 1355 4570 seufossuloe
1362 4512 1481 4554 eacauatoe
1492 4501 1514 4553 ιἰι
1523 4503 1713 4572 pets-resecanda
1725 4505 1807 4555 sertus

1212 4581 1254 4634 att
1261 4583 1387 4636 etiamnum
1395 4594 1473 4637 eastat
1480 4585 1589 4638 columna
1599 4606 1729 4639 risamnorea
1737 4586 1806 4655 cujus

1212 4665 1275 4719 lrasis
1294 4667 1334 4735 (ιίι
1345 4686 1394 4739 qna
1410 4668 1530 4739 inscriptio
1547 4671 1665 4722 continens
1681 4689 1761 4722 nomen
1779 4669 1804 4722 C.

1213 4750 1315 4804 Caesaris
1330 4751 1404 4804 iacs'sa
1419 4752 1502 4806 littaris
1516 4751 1607 4806 Latinis
1621 4772 1691 4806 caesa
1702 4765 1736 4806 est
1746 4766 1804 4805 mra-

1208 4836 1276 4907 poris
1283 4837 1805 4906 uetrsstata)exsistitmarmosiscaadidissimi.

1211 4917 1262 4970 alta
1271 4919 1364 4972 circiter
1375 4939 1418 4972 sea
1427 4920 1553 4974 dodrantes
1564 4932 1586 4974 et
1596 4941 1640 4976 ssa
1649 4921 1735 4996 digitos
1743 4960 1804 4972 .....

1212 4999 1294 5056 Basim
1303 5004 1410 5056 sciatisne
1421 5003 1535 5076 seliquias
1545 5024 1596 5056 ara
1607 5004 1730 5076 Apollinis.
