4282 6368
798 611 981 674 MINORES
1003 611 1171 673 SEPTEM.

626 756 672 816 En.
1289 755 1354 813 ἰῗοιι.

350 897 509 979 Τίμανδρον
1023 892 1183 976 κόμανδρον

351 1005 392 1060 εἰς
405 1006 456 1059 τὸν
472 993 614 1081 Ᾱσίραῖνν
631 1002 688 1080 (εἰς
703 1006 754 1058 τὸν
768 1007 912 1081 παυραῖον
928 997 947 1057 ἰ)
1024 1001 1065 1056 εἰς
1077 1002 1128 1055 τὸν
1142 999 1277 1075 ἀσίραίον

392 1104 469 1185 apud
485 1103 528 1183 λί)

354 1230 380 1266 υ.
397 1211 458 1266 ἀντί
469 1216 581 1289 καρποῦ
598 1206 734 1289 [πλῆθος]
746 1206 880 1286 λιθαρίων
893 1207 903 1283 (
910 1204 948 1263 λι-
1025 1207 1085 1261 ἅντί
1098 1214 1208 1284 καρπον
1220 1204 1301 1263 λίθον

394 1314 452 1370 θων
467 1311 487 1371 P
504 1310 580 1394 apud
596 1311 639 1385 M)

351 1416 500 1494 παρόμοια
516 1423 620 1494 πυροῖς
1025 1414 1172 1490 παρόμοια
1188 1410 1285 1490 λόροις

352 1522 428 1598 ἅπερ
443 1520 470 1576 οἰ
485 1520 578 1576 όίυσοί
1025 1519 1099 1590 ἅπερ
1114 1522 1202 1592 η’μισυ

351 1624 569 1701 ιίροτριωμένην
1025 1622 1255 1698 θροτριασμένην

352 1720 492 1804 [ἐμίμένει
1026 1725 1105 1797 μένει

353 1825 381 1885 3.
397 1830 429 1884 ἐν
444 1831 519 1906 αὐτῷ
1026 1823 1103 1884 deest

352 1929 554 2012 ηλιβάρμακος
593 1908 600 1915 “
1025 1933 1175 2008 φαρμακός

353 2036 580 2115 αἰμορραγουσιν
597 2037 756 2092 ἐπιτιθέασι
1026 2035 1245 2113 αἰμορροοόσαις
1255 2034 1365 2091 τιθέασι

353 2138 470 2216 ἐκρυσιν
1027 2138 1156 2210 ἔκκρισιν

353 2244 383 2304 Ιι.
398 2238 580 2318 καλούμενον
1026 2236 1104 2298 deest

353 2340 530 2420 βιαζομένων
544 2340 574 2399 δὲ
1027 2341 1210 2420 βιασαμένων
1226 2340 1256 2399 δὲ

354 2442 393 2525 [ἡ]
407 2454 457 2502 του
1026 2444 1102 2505 deest
1117 2451 1134 2513 η

354 2552 491 2629 Κοιράνου
1025 2553 1149 2629 κνράνου

353 2648 414 2732 [εἰς]
425 2656 581 2732 προτομὴν
1026 2649 1101 2711 deest
1116 2655 1157 2711 εἰς

353 2752 476 2836 [ὥσπερ]
1026 2754 1103 2815 deest

353 2857 539 2935 διωκόμενος,
555 2881 642 2936 κυνηη
648 2868 688 2917 ῶν
703 2858 897 2919 εἰσελθόντων
912 2864 953 2920 εἰς
1026 2856 1199 2933 διωκόμενος
1210 2861 1266 2916 ὑπὸ
1279 2866 1420 2935 κυνηγῶν,
1432 2858 1573 2918 εἰσελθὼν
1584 2865 1624 2919 εἰς

394 2966 446 3020 τόν
458 2967 526 3021 ναόν
1069 2964 1120 3019 τὸν
1135 2963 1203 3018 ναόν

353 3063 491 3140 φείδεσθε
503 3064 616 3146 (ἰδεσθε
632 3066 652 3126 Ρ
667 3065 741 3147 ιιμιιιΙ
759 3066 800 3135 M)
1027 3063 1135 3123 ἰδέσθαι

354 3168 383 3227 5.
399 3167 510 3249 λέπρας
1028 3167 1155 3248 λεπροὺς

354 3268 440 3339 xxii,
462 3293 486 3331 1.
503 3275 633 3342 οἰκιακὴν
1027 3275 1172 3341 οἰκειακὴν

353 3378 481 3433 Σικυῶνα
1028 3383 1155 3434 συκιῶνα

353 3481 569 3555 ἐγονοκτόνησε
1028 3484 1208 3557 έγονόκτησε

353 3590 404 3649 τῆς
418 3579 450 3639 δὲ
462 3572 636 3640 όνελττίσίου
1027 3592 1079 3652 τῆς
1090 3581 1113 3639 δ’
1129 3580 1301 3641 ἀνελπίσίου

354 3688 411 3742 ἀπὸ
424 3687 557 3754 τοιαύτης
572 3688 660 3743 αἰτίας
1028 3691 1085 3745 ἀπὸ
1095 3688 1184 3744 αἰτίας
1198 3687 1331 3754 τοιαότης

355 3787 498 3868 Κλητορίμ
1028 3790 1186 3869 κλησίορία

356 3888 384 3949 3.
401 3888 443 3973 [ἐν
459 3890 544 3972 αὐτῷ]
1028 3893 1105 3953 deest

355 3998 388 4051 ἐν
401 3995 430 4071 γ’
1028 4001 1061 4055 ἐν
1075 4001 1163 4078 τρίτω

355 4101 383 4161 ll·
402 4095 536 4155 Καλυδὼν
551 4096 732 4175 καλούμενον
1028 4099 1208 4176 καλούμενον
1223 4097 1354 4157 καλυδὼν

355 4187 452 4282 Ᾰρεως
1030 4208 1115 4286 ἄρεος

353 4301 417 4361 κατ’
432 4306 551 4381 άγνοιαν
1029 4311 1100 4365 κατὰ
1111 4310 1228 4384 ἄγνοιαν

355 4404 383 4464 5.
411 4405 520 4486 βοτάνη
544 4407 628 4484 μόωψ
650 4407 776 4489 (βοτάνη
795 4414 812 4477 ἠ
830 4408 915 4484 μόωό
936 4409 955 4469 Ι)
1030 4409 1138 4489 βοτάνη
1154 4409 1238 4486 μόωψ

398 4507 473 4591 apud
488 4508 531 4585 M)

354 4634 397 4670 τις
413 4615 453 4671 εἰς
468 4609 543 4694 όδωρ
559 4613 659 4693 βαλὼν
1028 4639 1070 4676 τις
1082 4615 1157 4698 ὕδωρ
1170 4615 1269 4696 βαλὼν
1282 4617 1384 4677 omisso
1398 4622 1438 4676 εἰς

355 4713 453 4781 xxm,
474 4738 499 4776 ι.
522 4716 721 4795 ἁμιλλώμενος
738 4723 823 4779 αὐτὸν
838 4724 956 4779 κατετό-
1030 4719 1228 4797 ἁμιλλώμενος
1242 4725 1316 4780 αὐτῶ
1328 4721 1522 4787 κατετόξευσε

399 4815 486 4883 Ξευσε

356 4912 483 4999 ἰῖρινίιων
1030 4931 1166 5008 ε’ριννόων

357 5022 406 5083 δύο
420 5029 471 5085 τός
486 5029 695 5104 εόγενεσίἀτας
707 5031 872 5108 παρθένους
1032 5030 1082 5089 δόο
1092 5035 1257 5114 παρθένους
1271 5036 1322 5093 εἰς
1331 5033 1539 5112 εόγενεαίατας
