4282 6368
480 604 519 666 76
689 607 982 672 SUPPLEMENTA
1007 610 1044 672 ΙΝ
1066 609 1343 673 GEOGRAPHOS
1365 606 1534 672 GRAECOS

1085 1271 1144 1342 lv.

667 1480 915 1541 VENTORUM
937 1481 1070 1542 sirus
1096 1481 1150 1541 ΕΤ
1177 1480 1558 1541 APPELLATIONES

815 1656 854 1702 ax
876 1656 1085 1704 iuisroraars
1105 1656 1201 1704 irruo
1222 1656 1265 1703 nr
1284 1655 1407 1703 srorrs.

518 1812 550 1864 Ex
561 1810 711 1864 membranis
725 1813 749 1864 l.
762 1843 798 1852 -
809 1811 919 1873 'l'ilulus‚
930 1814 1026 1866 numeri
1039 1821 1064 1866 ol
1074 1810 1160 1867 lissum
1174 1813 1280 1867 initiales
1288 1821 1346 1866 sunl
1359 1813 1434 1866 rubro
1444 1814 1524 1866 coloro
1536 1812 1639 1885 «lepida.
1651 1813 1746 1867 Tilulus

480 1904 567 1957 litteris
577 1903 666 1976 parlim
681 1903 818 1957 uncialibus
830 1905 920 1978 parlim
933 1906 1077 1959 minusculis
1088 1914 1200 1959 exaratus
1212 1907 1370 1979 promittitur
1383 1928 1389 1957 z

592 2037 732 2099 luaunu
751 2037 873 2100 eaxan
895 2038 951 2100 ml
972 2037 1199 2103 aroanrorlm
1222 2039 1265 2098 ar
1286 2040 1355 2098 rou
1375 2036 1634 2100 lrrxrorlnors

982 2140 1058 2202 nael
1079 2139 1241 2203 sanaim.

519 2300 640 2370 Diogenes
653 2299 762 2352 Laenius
772 2300 815 2369 (Κ,
829 2319 850 2360 ι,
866 2301 913 2370 sl)
927 2308 1049 2353 memorat
1058 2317 1119 2373 opus
1133 2300 1269 2353 lrislololis
1278 2298 1324 2351 hoc
1335 2299 1452 2351 nomino:
1467 2302 1560 2365 Σημεῖα
1572 2299 1702 2368 χειμώνων
1713 2296 1744 2349 α’.
1854 2301 1856 2305 ’

482 2393 571 2446 Forsan
580 2392 673 2446 fuithic
680 2391 716 2445 De
728 2391 804 2446 Ventis
812 2393 908 2447 libellus
916 2391 1081 2466 fragmentum
1091 2393 1172 2466 operis
1182 2393 1258 2446 illius.
1267 2391 1327 2445 Vide
1336 2391 1431 2445 Fabric.
1442 2391 1481 2445 ed.
1491 2391 1584 2445 Harles.
1593 2391 1639 2454 ΙΙΙ,
1649 2410 1672 2464 ρ.
1684 2393 1744 2444 νῦν.

480 2486 569 2540 Confer
578 2485 714 2539 aditionem
725 2486 860 2540 Aristotelis
871 2485 1043 2548 Didolianam‚
1054 2494 1072 2538 ί.
1084 2486 1123 2548 lv,
1136 2506 1160 2559 p.
1174 2487 1209 2539 Ιι5
1220 2494 1244 2539 εί
1257 2485 1427 2540 Bussamalreri
1440 2485 1508 2558 prul.
1523 2504 1547 2558 p.
1559 2505 1587 2538 n.

517 2577 668 2648 Opusrulum
679 2577 752 2649 rurale
762 2585 840 2631 exalat
853 2577 877 2629 in
891 2576 973 2630 codice
988 2584 1071 2630 nostro
1085 2576 1126 2630 hic
1142 2576 1277 2631 exscribere,
1293 2595 1373 2649 opero
1386 2577 1492 2649 prelium
1508 2575 1611 2637 vidolur,
1628 2583 1655 2628 ut
1672 2575 1747 2648 possit

480 2690 534 2723 cum
548 2669 620 2723 edilis
632 2669 746 2723 conferri.

522 2822 557 2877 α’.
581 2826 701 2901 Βορρᾶς·
718 2821 802 2879 οὗτος
816 2824 848 2878 έν
861 2825 915 2896 μέν
933 2819 1057 2900 Μαλλῷ,
1078 2824 1221 2902 ΙΙαγρείις·
1242 2830 1318 2880 πνεῖ
1331 2825 1388 2903 γὰρ
1405 2826 1462 2879 ἀπὸ
1481 2830 1593 2903 κρηνῶν
1611 2819 1747 2899 μεγάλων

480 2927 526 2980 καί
541 2927 615 3002 ὀρῶν
628 2921 737 2982 διπλῶν
751 2921 932 3004 παράλληλα
944 2927 1083 3001 κειμένων
1098 2926 1116 2982 ἃ
1127 2923 1255 2983 καλεῖται
1266 2928 1408 3006 Παγρικιί·
1421 2928 1453 2982 έν
1463 2923 1495 2982 δέ
1508 2926 1621 3005 Καύνῳ,
1634 2928 1744 2993 Μέσης·

481 3033 513 3086 ἐν
527 3027 558 3086 δέ
571 3022 660 3109 Ρόδῳ,
675 3034 806 3088 Καυνίας·
820 3038 896 3088 πνεῖ
908 3033 965 3109 γὰρ
978 3033 1035 3087 ἀπό
1048 3031 1156 3088 Καίινου
1173 3028 1304 3109 ἐνοχλῶν
1315 3034 1366 3087 τόν
1378 3028 1481 3106 λιμένα
1493 3033 1595 3100 αὐτῶν,
1610 3034 1661 3088 τόν
1674 3021 1747 3087 Ᾱκα-

481 3136 554 3189 νίαν·
572 3135 603 3188 ἐν
615 3129 645 3190 δέ
659 3124 750 3210 Ολὸίρ
760 3142 796 3209 τῇ
808 3136 879 3190 κατὰ
890 3129 1026 3209 Μόγαλον
1037 3141 1088 3201 τῆς
1099 3130 1283 3208 Παμφυλίας,
1293 3134 1431 3212 Γαυρεός·
1444 3141 1520 3190 πνεῖ
1526 3136 1582 3214 γὰρ
1592 3137 1746 3202 ἀπόνήσον

445 3242 460 3293 5
481 3238 499 3303 ἡ
513 3232 641 3292 καλεῖται
657 3237 770 3314 Ταυρίς·
784 3239 859 3292 τινὲς
874 3231 905 3292 δέ
921 3238 1006 3292 αὐτόν
1021 3239 1132 3314 Βορρᾶν
1146 3236 1253 3293 οίονται
1274 3237 1344 3293 εἶναι
1365 3238 1397 3292 έν
1415 3234 1457 3293 οἷς
1471 3239 1517 3293 καί
1533 3241 1703 3316 Λυρναντεῖς
1721 3239 1747 3293 οί

481 3341 552 3395 κατὰ
567 3335 727 3408 Φασηλίδα.

524 3439 563 3517 β’,
589 3447 714 3499 Καικίας·
731 3442 813 3499 οὗτος
833 3445 865 3499 ἐν
881 3444 933 3516 μέν
949 3440 1050 3521 Aeaeo
1068 3439 1195 3499 καλεῖται
1216 3441 1359 3511 Θηὸάνας·
1378 3446 1435 3500 ἀπὸ
1453 3445 1510 3522 γὰρ
1528 3442 1625 3512 eoem
1643 3441 1746 3501 πεδίου

480 3552 531 3602 τοῖι
546 3548 620 3625 ιἰπέρ
632 3549 683 3602 τὸν
696 3535 846 3602 Ιέλαῖτικὸν
859 3542 971 3601 κόλπον
984 3553 1036 3612 τῆς
1051 3547 1173 3603 Μυσίας·
1187 3542 1310 3623 ἐνοχλεῖ
1316 3543 1348 3603 δέ
1360 3549 1411 3603 τὸν
1421 3544 1618 3613 Μιτυληναίων
1631 3545 1747 3620 λιμένα,

482 3646 605 3723 μάλισΙα
620 3646 650 3705 δὲ
662 3652 714 3705 τόν
728 3644 892 3704 Μολόεντα·
908 3650 991 3728 παρὰ
1001 3644 1032 3705 δέ
1044 3655 1094 3705 τοῖ
1095 3645 1119 3728 [ς
1131 3640 1238 3706 Ῥοδίοις
1248 3646 1388 3729 καλεῖτΙαι
1405 3652 1538 3718 Καυνίας,
1551 3654 1584 3708 όν
1596 3649 1680 3708 ἄλλοι
1697 3656 1747 3707 Bo-

431 3759 461 3808 10
483 3754 550 3831 ρέαν
563 3752 668 3808 οίονται
680 3753 761 3808 εἶναι.

523 3856 562 3931 γ’.
586 3845 769 3923 Κπηλιώτης·
788 3855 871 3913 οὗτος
884 3858 915 3911 έν
929 3860 981 3930 μέν
996 3852 1134 3935 Τριπόλει
1148 3864 1200 3923 τῆς
1214 3860 1347 3922 Φοινίκης
1363 3860 1511 3932 ΙΙοταρεὺς
1523 3856 1664 3914 καλεῖται·
1678 3865 1753 3914 πνεῖ

481 3955 513 4015 δὲ
528 3962 562 4016 ἐκ
577 3956 680 4016 πεδίου
696 3957 824 4035 μεγάλου
839 3960 939 4031 ὁμοίου
955 3955 1042 4014 όλωνι
1055 3961 1271 4038 περιεχομένου
1287 3961 1344 4017 ὑπό
1360 3979 1393 4016 τε
1413 3967 1464 4016 τοῦ
1482 3961 1615 4039 Βαπόρου
1635 3965 1682 4017 καί
1698 3968 1748 4016 τοῦ

482 4061 601 4119 Λιέαίνου
617 4061 701 4141 όρους
713 4059 785 4140 παρ’
799 4060 831 4117 οὗ
847 4062 894 4117 καί
907 4061 1055 4136 Ποταμεός
1066 4057 1208 4118 καλεῖται·
1226 4058 1348 4139 ἐνοχλεῖ
1357 4057 1389 4118 δέ
1399 4064 1434 4118 τό
1447 4059 1597 4120 Ποσείδιον
1615 4063 1646 4119 έν
1660 4083 1693 4119 τε
1709 4070 1749 4141 τῷ

482 4158 586 4245 Ισσικῷ
597 4163 698 4244 κόλπῳ
712 4167 759 4222 καί
772 4166 845 4244 περί
856 4154 956 4221 iocos
972 4160 1162 4243 Μυριάνδρου·
1181 4171 1257 4221 πνεῖ
1271 4160 1303 4221 δὲ
1323 4167 1379 4222 ἀπὸ
1398 4171 1455 4221 τῶν
1470 4168 1580 4244 Συρίων
1598 4164 1700 4223 Πυλῶν
1718 4167 1750 4222 ἃς

431 4274 461 4326 15
482 4266 630 4338 διέσίηκευ
645 4272 661 4326 ό
672 4289 706 4326 τε
718 4272 827 4349 Ταῦρος
842 4270 888 4325 καί
902 4270 937 4324 τό
952 4269 1103 4348 Ταυρώσια
1114 4267 1180 4349 όρη·
1190 4271 1222 4325 έν
1235 4265 1266 4326 δέ
1278 4277 1318 4348 τῷ
1332 4268 1523 4350 Τριπολιτικῷ
1533 4269 1634 4352 κόλπῳ
1645 4277 1661 4328 ὁ
1673 4276 1750 4350 Μαρ-

481 4374 564 4438 σεὺς,
580 4375 636 4429 ἀπὸ
649 4375 766 4451 Μάρσου
782 4373 892 4446 κώμης·
909 4373 941 4427 έν
953 4368 985 4428 δέ
1001 4375 1177 4452 Προκονήσῳ
1191 4373 1238 4428 καί
1252 4375 1284 4429 έν
1297 4376 1359 4453 Τέῳ
1371 4375 1417 4430 καί
1432 4376 1464 4431 έν
1477 4378 1574 4454 Κρήτη
1586 4376 1633 4432 καί
1647 4374 1749 4453 lineola

482 4477 527 4530 καί
540 4477 668 4553 Κυρήνη),
684 4463 916 4539 Ἑλλησποντίας·
931 4471 1055 4546 μάλισία
1067 4469 1098 4530 δέ
1113 4472 1233 4551 ἐνοχλεῖ
1244 4476 1295 4531 τόν
1310 4495 1343 4531 τε
1353 4483 1405 4543 τῆς
1420 4474 1537 4533 Ειίέοίας
1553 4480 1688 4556 Καφηρέα
1703 4480 1749 4533 καί

515 4667 774 4730 Codexpraelertuomen
787 4648 1073 4731 llpwlorlloosutoddll
1150 4666 1204 4714 odd.
1221 4676 1230 4731 n
1246 4666 1303 4714 lbid.
1318 4661 1393 4712 ἅλωνι
1409 4660 1507 4728 μεγάλῃ
1525 4669 1577 4716 odd.
1590 4678 1599 4734 ῃ
1616 4672 1690 4717 ιο-ι3.
1708 4669 1752 4713 τοῦ

486 4735 559 4790 nair&
570 4740 745 4805 κρημνῶνοιίιί.
759 4750 768 4805 [Ι
780 4756 802 4804 7.
812 4733 929 4804 πνεῖγᾶρ
937 4731 1078 4792 ἆτὸθόὲης
1153 4732 1260 4785 Αιόιίνου
1271 4736 1311 4785 καί
1319 4741 1364 4785 τοῦ
1370 4735 1486 4805 Βατύρου
1494 4744 1546 4791 edd.
1559 4753 1568 4809 ΙΙ
1584 4747 1619 4793 ι3.
1628 4743 1699 4808 παρὸ
1709 4738 1750 4788 καί

483 4817 535 4864 edd.
549 4824 557 4880 ll
571 4820 592 4864 8.
607 4800 754 4860 Ελαιατικὸν
768 4816 821 4864 edd.
835 4824 843 4880 ῃ
861 4836 883 4878 ¹.)-
899 4808 971 4880 παρὰ
982 4805 1019 4860 δὲ.
1028 4848 1046 4859 ..
1057 4845 1077 4858 ..
1153 4810 1281 4874 ΙΙοταμεότ
1291 4818 1344 4865 odd.
1356 4826 1365 4883 [Ι
1379 4818 1436 4865 lbid.
1445 4812 1475 4861 τὸ
1485 4811 1667 4864 Ποσειδώνειον
1677 4809 1746 4884 sodli

483 4885 614 4936 αίκαυνίαις
629 4891 713 4939 habant
727 4891 800 4944 adiu,
817 4890 881 4938 nullo
896 4906 972 4938 sensu.
988 4890 1079 4938 Ponunt
1157 4893 1192 4938 ιίι.
1211 4885 1275 4956 περί
1291 4875 1396 4936 Τωσσόν
1414 4883 1549 4957 Συριόνδος
1565 4895 1617 4943 edd,
1631 4901 1640 4960 Η
1655 4897 1691 4942 15.
1710 4892 1751 4937 καί

484 4966 623 5015 membranas
636 4973 719 5014 nostru
731 4958 802 5029 παρὰ
815 4956 843 5009 δέ
855 4977 893 5008 τοι
905 4957 1012 5010 καυνίας.
1028 4967 1078 5028 lpse
1153 4959 1279 5031 Ταυρόσια
1293 4969 1345 5016 odd,
1358 4976 1367 5031 ΙΙ
1380 4969 1438 5016 lbid.
1454 4963 1468 5011 ὁ
1485 4976 1538 5017 anta
1551 4964 1667 5033 Μαρσεός
1684 4961 1750 5008 Omit-

483 5041 586 5104 supplovi
597 5057 622 5088 ei
633 5039 823 5104 procedentibus.
836 5050 845 5105 Η
861 5057 896 5088 ια.
908 5032 1019 5101 μεγάλου
1032 5056 1077 5089 om.
1153 5047 1205 5089 tunt
1216 5041 1268 5089 edd.
1282 5050 1291 5106 Η
1307 5045 1341 5090 ιθ.
1356 5039 1529 5107 Προκοννήσῳ
1543 5045 1596 5093 odd.
