4282 6368
564 602 604 663 itt
774 602 1065 666 surrentinum
1091 601 1127 664 ΙΝ
1151 598 1428 664 GEOGRAPHOS
1450 598 1622 662 GRAECOS

591 748 644 805 κε’.
669 738 745 805 Ιυοὸτ
762 750 895 822 meropes

669 847 779 927 βοτάνη
795 847 981 929 βουγλώσσῳ
995 851 1159 930 παρόμοιος

669 953 737 1031 ὄρος
749 950 865 1009 Nibaros

1012 1301 1221 1357 nnsortrtn
1242 1301 1385 1357 nutriet

909 1500 937 1544 IN
958 1499 1116 1545 rturtncut
1137 1499 1279 1545 strettun
1300 1501 1338 1545 Db·
1357 1499 1492 1544 retritis.

609 1687 645 1748 Ex
659 1687 702 1748 bis
716 1698 743 1750 et
758 1686 973 1771 precedentibus
988 1685 1074 1770 liquet
1090 1685 1172 1747 umbo
1187 1686 1308 1755 codices,
1325 1684 1480 1748 Pnintinnnr
1497 1684 1599 1748 scilicet
1612 1696 1640 1746 et
1653 1694 1794 1752 nostrum,
1807 1683 1834 1744 io

564 1792 704 1875 plerisque
716 1791 829 1875 quidem
849 1791 1015 1859 consentire,
1035 1811 1090 1851 non
1106 1790 1133 1850 in
1153 1790 1282 1851 omnibns
1296 1811 1360 1851 vero
1377 1790 1530 1873 persimiles
1545 1810 1617 1859 esse,
1633 1789 1671 1850 ite
1687 1797 1719 1849 ut
1729 1794 1765 1849 bx
1781 1809 1835 1848 nno

562 1895 651 1963 iente,
668 1893 716 1955 sed
737 1915 787 1977 per
805 1894 927 1955 diversos
946 1893 1063 1964 rivulos,
1084 1892 1230 1955 deduxisse
1250 1892 1403 1955 videantur.
1425 1892 1587 1953 Lectionum
1607 1891 1792 1952 diversitatem
1807 1891 1833 1951 io

563 1997 732 2081 quibusdum
748 1998 813 2060 locis
828 1997 959 2059 adnotare
971 2018 1062 2082 operte
1076 1996 1197 2080 pretium
1211 2007 1266 2067 est,
1282 2018 1313 2057 nc
1328 1997 1466 2081 precipue
1481 1996 1509 2056 in
1524 1994 1705 2079 sequentibus
1722 2016 1729 2054 :

606 2194 631 2260 l.
649 2195 676 2255 li.
700 2194 813 2278 Legitur
829 2195 857 2255 in
873 2192 976 2255 editis:
994 2198 1130 2254 Δεσποτα
1146 2193 1286 2274 βασιλεῦ,
1302 2197 1438 2272 τὸγένος
1455 2198 1512 2253 ἀπὸ
1529 2198 1674 2273 Γνγγοσίου
1693 2199 1834 2274 κατάγων.

564 2298 651 2359 Detur
671 2303 727 2357 ἀπὸ
743 2304 888 2377 Γηγασίου
903 2319 936 2358 ex
952 2297 1087 2368 Psintino,
1110 2297 1157 2358 ubi
1178 2298 1292 2382 prinsl'
1311 2319 1394 2358 mono
1415 2297 1537 2359 secunde
1557 2295 1683 2358 additum
1702 2297 1754 2359 suit
1770 2308 1836 2360 teste

564 2401 687 2462 Uidiero.
705 2400 801 2463 Noster
815 2412 907 2462 nutem
925 2400 1008 2463 bnbet
1026 2406 1083 2461 ἀπὸ
1099 2394 1201 2471 Ἡλίου,
1221 2401 1274 2463 boc
1296 2400 1378 2463 modo
1393 2423 1398 2459 :
1414 2405 1550 2480 τὸγένος
1566 2406 1623 2461 ἀπὸ
1641 2393 1729 2460 Ἡλίου
1750 2406 1836 2460 κατά·
1908 2406 1910 2409 ’

564 2528 633 2584 γον,
647 2527 733 2588 genus
748 2528 765 2564 o
779 2505 839 2566 Sole
853 2505 958 2566 ducens.

608 2609 644 2675 tl.
666 2632 690 2671 ι.
714 2609 829 2693 Legitur
849 2609 878 2670 in
898 2607 979 2670 editis
1000 2613 1072 2668 κατὰ
1091 2611 1235 2689 σρόνονον
1253 2601 1378 2679 Ᾰθηνᾶς,
1396 2607 1519 2669 videlicet
1537 2630 1570 2669 ex
1589 2606 1721 2668 Psintino.
1741 2607 1837 2668 Noster

565 2723 657 2773 nutem
672 2711 755 2773 bnbet
770 2734 842 2771 κατα
855 2732 1031 2793 exponeres
1049 2714 1166 2783 αθηνας,
1179 2711 1226 2772 ubi
1240 2711 1309 2772 sorte
1325 2710 1473 2794 legendnm
1487 2715 1559 2770 κατὰ
1570 2716 1711 2793 Προναίας
1725 2702 1837 2781 bonose

565 2815 699 2897 (subaudi
715 2818 814 2897 ναόν).
828 2837 893 2876 nom
910 2816 1043 2898 tempium
1060 2815 1188 2877 Minervio
1202 2815 1322 2877 Pronmae
1336 2815 1444 2898 insigne
1464 2814 1517 2877 suit
1532 2813 1646 2897 Deipbis
1666 2836 1752 2898 prope
1767 2814 1837 2875 Cns-

566 2919 663 2980 teiium
677 2919 779 2980 iontem
793 2917 868 2979 iinud
883 2917 979 3002 procui
990 2940 1006 2979 n
1019 2919 1134 3003 Corycio
1149 2928 1228 2980 notro
1243 2918 1278 2980 de
1293 2940 1348 3002 quo
1361 2917 1405 2979 bic
1419 2918 1520 3002 ngitur.
1536 2917 1628 2978 Potuit
1643 2917 1772 2979 librarius
1787 2918 1836 3000 qui

567 3021 721 3083 Pnintinum
736 3022 845 3104 scripsit
859 3020 948 3105 decipi
964 3020 1143 3083 similitudine
1152 3021 1297 3082 verborum
1308 3026 1378 3080 κατὰ
1389 3026 1531 3103 σρονοναν
1543 3029 1623 3086 θεοῦ
1633 3020 1675 3082 vei
1684 3030 1763 3085 θεᾶς
1774 3042 1837 3105 qnae

568 3126 636 3187 inire
652 3125 754 3208 sepius
768 3135 925 3186 occurrunt.

609 3225 679 3287 ibid.
695 3225 746 3305 Ubi
760 3226 862 3297 σηλὸν
877 3225 949 3288 editn
960 3249 992 3288 ex
1008 3226 1144 3296 Pnlntino.
1158 3226 1242 3288 babet
1254 3226 1337 3289 rodes
1352 3238 1445 3288 noster
1463 3227 1562 3307 βυθὸν.
1585 3226 1683 3310 rigitur
1703 3225 1738 3287 de
1758 3235 1837 3286 antro

564 3330 702 3411 pirrrfundo.

609 3433 658 3503 Ui,
679 3458 704 3495 ι.
730 3433 781 3495 Ubi
794 3443 847 3504 τῆς
858 3440 1022 3514 καταφορᾶς
1037 3442 1087 3493 τοῦ
1102 3431 1202 3494 ὕδατος
1216 3433 1245 3495 in
1260 3432 1339 3494 editis
1354 3456 1386 3494 ex
1402 3434 1538 3502 Psintino,
1558 3432 1661 3516 proebct
1680 3442 1772 3494 noster
1786 3444 1838 3502 τῆς

566 3547 617 3597 τοῦ
629 3537 730 3597 diacos
739 3544 918 3618 καταφορᾶς,
934 3537 1137 3597 constructione
1152 3536 1250 3619 aptiori
1267 3546 1297 3597 ut
1311 3535 1428 3598 ridetur.

608 3640 677 3702 ibid.
696 3640 747 3703 Ubi
764 3645 938 3724 Kporovbmo
953 3638 1040 3710 edite,
1057 3639 1141 3701 bnbct
1156 3651 1248 3701 noster
1262 3662 1313 3723 pro
1329 3662 1405 3701 more
1422 3647 1611 3723 Κροτωνίκην.

609 3743 645 3806 Ul
653 3793 659 3814 ,
678 3767 704 3806 ο.
728 3742 838 3806 Hubent
851 3743 922 3805 edito
936 3753 972 3821 τῇ
987 3749 1118 3828 θυγατρὶ
1131 3743 1192 3803 κατ’
1204 3747 1320 3824 ἄγνοιαν
1332 3749 1549 3825 συγγενόμενος
1559 3749 1661 3825 ἀθυμίᾳ
1672 3748 1835 3824 συσχεθεὶς.

565 3848 663 3910 Noster
675 3849 774 3911 melius
790 3871 796 3908 :
813 3858 849 3927 τῇ
869 3852 1000 3930 θυγατρὶ
1019 3848 1080 3907 κατ’
1096 3852 1214 3928 ἄγνοιαν
1234 3853 1451 3928 συγγενόμενος
1470 3853 1525 3908 καὶ
1547 3852 1650 3928 ἀθυμίᾳ
1667 3852 1835 3928 συσχεθεὶς.

567 3951 640 4014 uude
651 3951 828 4014 inserendum
844 3949 953 4012 videtur
966 3956 1013 4010 net
1029 3951 1057 4012 in
1070 3960 1184 4012 textum.
1773 4008 1775 4012 ,

608 4054 657 4116 Vi.
674 4063 703 4122 t.
726 4055 828 4117 Auctor
842 4053 905 4115 libri
923 4059 1052 4114 Κτίσεων
1067 4075 1115 4115 seu
1130 4054 1170 4116 De
1186 4053 1357 4137 Originibus,
1374 4054 1423 4138 qui
1440 4063 1553 4115 vocetur
1567 4056 1595 4115 in
1614 4054 1695 4116 editis
1710 4077 1743 4117 ex
1759 4055 1837 4115 ΡοΙο-

565 4160 624 4221 tino
639 4159 818 4236 Κλειτοφῶν,
835 4167 948 4219 vocetur
962 4159 992 4219 in
1006 4157 1099 4219 codice
1112 4168 1204 4219 nostro
1219 4163 1384 4234 Κτησιφῶν.

608 4260 671 4331 VH,
691 4285 716 4323 ι.
740 4260 792 4322 Ubi
811 4260 884 4322 edito
900 4282 932 4322 ex
948 4260 1072 4322 Psintino
1087 4260 1189 4323 babent
1209 4252 1393 4332 briodorum,
1413 4259 1517 4343 prebet
1533 4270 1628 4323 noster
1642 4262 1768 4325 eamdem
1783 4263 1836 4322 lec·

567 4367 683 4436 tionem‚
700 4364 748 4426 sed
763 4365 831 4426 forte
847 4363 1013 4426 mutandum
1033 4365 1062 4425 in
1081 4367 1282 4437 Resedimus,
1303 4364 1408 4448 quippe
1423 4385 1512 4448 quum
1532 4365 1561 4425 in
1580 4366 1715 4449 scripturn
1736 4364 1837 4427 codicis

566 4470 652 4530 nostri
667 4493 683 4528 α
698 4478 772 4530 etse
788 4467 866 4530 focile
881 4466 1094 4529 confundentur.

610 4570 670 4639 vlt,
688 4575 716 4634 5.
740 4570 792 4633 Ubi
807 4573 884 4655 ponit
899 4563 1067 4655 Ᾱλεξνροίας
1079 4571 1217 4633 Pristinus
1233 4580 1299 4632 teste
1310 4570 1438 4641 Nirilero,
1450 4571 1535 4634 babet
1545 4579 1638 4633 noster
1650 4564 1836 4654 Ᾱλεξιρροίοτ

566 4698 629 4737 cum
642 4678 662 4758 p
675 4675 788 4758 duplici.

610 4778 678 4841 lbid.
697 4778 747 4841 Ubi
763 4783 915 4858 ἀπέφυγεν
930 4783 970 4839 εἰς
984 4783 1117 4839 edocebo
1131 4790 1239 4863 ponunt
1253 4777 1340 4845 edite,
1357 4777 1439 4839 babet
1453 4784 1618 4860 κατέφυγεν
1633 4778 1717 4839 codex
1733 4787 1834 4845 noster,

566 4882 667 4945 scilicet
682 4884 709 4942 in
725 4882 843 4963 tempium
858 4880 982 4963 corffugit.

610 4984 659 5051 ΙΧ,
676 4991 705 5050 d.
729 4984 781 5047 Ubi
799 4985 957 5057 Δνοξιπτητ
969 4983 1121 5056 Pristinus,
1138 4988 1217 5070 pouit
1230 4997 1322 5050 noster
1339 4986 1504 5060 Διωξὶστος
1519 4997 1600 5048 recte.
