4282 6368
904 612 1240 677 COSMOGRAPHIA.
1642 615 1701 677 109

437 759 545 813 Λοιπὸν
559 753 591 813 δὲ
605 757 652 813 καί
665 758 722 814 ἀπὸ
736 762 787 813 τοῦ
802 758 950 837 Ταρτάρου
965 761 1020 815 έως
1029 762 1081 814 τοῦ
1094 759 1150 814 όπό
1162 764 1219 834 γῆν
1229 759 1416 834 ἡμισφαιρίου
1428 752 1566 815 διατεῖνον
1581 760 1703 835 μέγεθος

437 856 512 915 όλλο
523 860 666 917 τοσοῦτόν
681 858 760 917 έούιν
774 860 845 918 όσον
856 863 891 918 τό
903 868 954 929 τῆς
968 867 1024 936 γῆς
1038 856 1140 938 βάθος,
1157 859 1232 918 ὤσίε
1243 855 1287 916 διὰ
1298 861 1450 939 τριάκοντα
1465 864 1579 940 ἡμερῶν
1589 863 1640 919 τὰς
1652 858 1702 919 δύο

438 963 529 1041 ἀρχὰς
543 968 594 1019 τοῦ
609 958 712 1027 ἄξονος
725 958 859 1021 δύνασθαι
878 958 1006 1020 διανύσαι
1020 966 1072 1020 τόν
1091 962 1210 1037 ἄκμονα.
1231 953 1293 1020 Ᾰπό
1311 959 1458 1020 ἀνατολῶν
1477 959 1509 1021 δέ
1528 964 1576 1021 ἐπί
1594 961 1703 1041 δυσμὰς

436 1065 594 1144 σΊρέφεται
608 1068 625 1122 ό
639 1066 769 1145 ούρανός.
783 1057 807 1122 0
822 1062 854 1123 δέ
869 1062 944 1129 όξων
959 1064 1038 1123 miv
1054 1067 1197 1135 ἀκίνητος·
1213 1062 1303 1133 διήκει
1319 1062 1351 1124 δέ
1366 1063 1400 1123 δι’
1413 1063 1484 1124 όλου
1499 1073 1549 1125 τοῦ
1565 1071 1702 1148 ούρανοῦ,

437 1169 484 1225 καί
500 1172 553 1236 τόν
569 1175 627 1246 γῆν
641 1173 733 1246 ἑαυτῷ
749 1171 975 1248 ἐμπεπαρμένον
991 1169 1063 1246 έχει.
1080 1170 1131 1225 Καί
1147 1168 1226 1227 έσ7ιυ
1245 1171 1329 1227 αὑτός
1345 1171 1397 1244 μέν
1411 1172 1556 1239 ἀκίνητος,
1571 1168 1617 1228 ἐπ’
1628 1174 1703 1251 αύτῷ

438 1267 469 1328 δέ
484 1274 500 1328 ό
515 1274 635 1350 οὐρανὸς
648 1277 781 1338 κινεῖται,
796 1273 843 1328 καί
858 1272 1050 1351 καταφέρεται
1068 1277 1110 1350 τῷ
1127 1267 1222 1329 δοκεῖν
1240 1273 1287 1329 ἐπί
1302 1273 1438 1331 ὠκεανόν.
1454 1274 1494 1329 Τό
1506 1269 1537 1330 δέ
1552 1269 1646 1332 δοκεῖν
1660 1276 1703 1332 εί-

438 1393 504 1441 πον,
520 1377 584 1432 ἐπειΙ
596 1376 649 1432 οὐκ
661 1371 791 1445 ἀληθῶς,
805 1370 880 1432 ἀλλὰ
894 1377 973 1453 πρός
986 1377 1040 1443 τὴν
1052 1375 1188 1432 ὑπόνοιαν
1201 1376 1228 1430 οί
1241 1375 1362 1443 ποιηταί
1374 1372 1453 1432 ταῦτ’
1466 1374 1566 1433 εἶπον·

660 1504 751 1568 masos
761 1511 783 1564 δ’
794 1514 921 1587 ἀπόρουσε
934 1514 1011 1567 λιτόν
1020 1515 1179 1586 περικαλλέα
1191 1515 1281 1581 λίμνην

436 1669 487 1723 τόν
507 1666 647 1724 ὠκεανόν·
664 1663 726 1724 έσίι
744 1667 802 1746 γὰρ
819 1667 960 1733 ὠκεανός,
977 1667 1050 1741 φασί
1069 1663 1132 1724 καθ’
1147 1652 1275 1745 ὅμηρον,
1295 1666 1326 1724 ός
1343 1673 1445 1725 πᾶσαν
1460 1674 1514 1734 τῆν
1530 1667 1701 1743 οἰκουμένην

436 1769 614 1847 ἐμπεριέχει.

1046 1948 1094 1988 90.

890 2069 971 2120 Πόσοι
981 2069 1068 2120 κύκλοι
1078 2076 1121 2125 τῆς
1133 2069 1253 2140 σφαίραςι

479 2207 624 2297 Ησφαῖρα
638 2218 701 2296 έχει
717 2215 841 2275 κύκλους
854 2219 961 2275 πέντε·
978 2216 1017 2274 ὦν
1032 2220 1049 2274 ό
1068 2219 1121 2292 μέν
1136 2219 1267 2296 ἀρκτικός
1286 2213 1415 2296 βόρειος·
1432 2213 1565 2296 δεύτερος
1580 2222 1703 2298 θερινός

436 2321 585 2398 τροπικός·
602 2321 699 2399 τρίτος
715 2321 881 2401 ἰσημερινός
892 2321 1042 2398 τροπικός·
1059 2322 1197 2400 τέταρτος
1215 2321 1379 2399 χειμερινὸς
1397 2320 1548 2398 τροπικός·
1567 2321 1703 2396 πέμπίος

436 2424 629 2502 ἀνταρκτικός.

480 2527 559 2582 Καίό
575 2527 627 2602 μέν
640 2528 772 2605 ἀρκτικὸς
783 2527 834 2584 τὰς
848 2509 976 2604 Ᾰρκτους
991 2529 1144 2606 περιέχει,
1159 2528 1190 2584 ός
1202 2527 1248 2583 καί
1261 2522 1378 2606 βόρειος
1389 2523 1531 2584 καλεῖται·
1547 2527 1580 2582 ἐν
1593 2529 1702 2607 γὰρτῷ

436 2626 543 2709 βορείῳ
557 2625 680 2704 μάλισίαί
692 2631 768 2688 είσιυ
785 2631 814 2686 αί
828 2614 949 2709 Ᾰρκτοι·
965 2631 1042 2697 καλή
1057 2627 1119 2687 καθ’
1137 2633 1210 2704 ημᾶς
1226 2631 1381 2706 οίκουμένη
1399 2626 1512 2704 μᾶλλον
1533 2626 1703 2711 βορειοτέρα

436 2730 524 2790 ἐσίίν.

477 2826 501 2891 O
518 2831 550 2893 δέ
570 2831 638 2903 ἑξῆς
654 2833 761 2896 κύκλος
779 2833 909 2894 καλεῖται
924 2838 1048 2916 θερινός
1059 2838 1209 2915 τροπικός,
1223 2838 1266 2893 ότι
1278 2840 1295 2894 ό
1308 2834 1414 2895 κύκλος
1428 2838 1539 2895 ἐκεῖνος
1551 2838 1642 2912 μέσον
1656 2839 1701 2895 τέ·

437 2957 499 3012 μνει
514 2942 566 2995 τόν
578 2942 728 3019 Καρκίνον,
736 2942 767 2998 ός
777 2943 898 2998 πάντων
910 2946 968 2997 τῶν
980 2937 1085 3021 ζῳδίων
1097 2938 1159 2997 έσίί
1175 2938 1374 3020 βορειότερος·
1383 2937 1416 2998 ού
1430 2942 1503 3019 περί
1514 2944 1568 3010 τὴν
1579 2941 1702 3019 πρώτην

435 3048 535 3121 μοῖραν
549 3025 596 3098 ΙῙΙῙ
609 3050 660 3100 τοῦ
676 3044 764 3101 Παῦνί
778 3044 938 3119 γενόμενος
951 3041 1062 3111 δόλιος
1073 3046 1200 3122 θερινόν
1214 3050 1341 3101 ποιεῖται
1356 3046 1410 3113 τὴν
1419 3046 1539 3123 τροπήν.

475 3136 499 3201 0
515 3141 546 3202 δέ
560 3146 657 3225 τρίτος
670 3147 837 3227 ίσημερινός
846 3147 996 3227 τροπικός·
1011 3130 1066 3216 τήν
1075 3148 1133 3226 γὰρ
1149 3155 1201 3215 τῆς
1215 3148 1365 3226 ίσημερίας
1383 3150 1495 3226 τροπὴν
1514 3147 1592 3225 έχει·
1611 3149 1701 3220 μέσον

433 3249 490 3327 γὰρ
503 3251 555 3305 τόν
568 3251 653 3328 Κριόν
666 3252 764 3324 τέμνει
779 3247 862 3307 ούτος
876 3253 892 3307 ό
905 3247 1024 3309 κύκλος·
1038 3252 1190 3328 γινόμενος
1200 3250 1252 3308 ούν
1266 3233 1363 3326 τῇῇ
1374 3254 1424 3307 τοῦ
1439 3250 1607 3325 Φαμενὼθό
1620 3247 1701 3318 ἥλιος

432 3352 506 3432 περί
519 3352 643 3432 πρώτην
659 3358 759 3431 μοῖραν
773 3358 825 3410 τοῦ
841 3356 942 3431 Κριοῦ,
962 3353 1029 3422 ίσην
1047 3355 1101 3422 τὴν
1117 3353 1227 3432 ἡμέραν
1247 3355 1294 3410 καί
1315 3355 1368 3422 τὴν
1387 3353 1475 3410 νύκτα
1495 3359 1586 3411 ποιεῖ.
1604 3355 1656 3411 Διό
1673 3355 1703 3410 τί

432 3461 560 3512 ποιεῖται
579 3453 663 3512 οὗτος
681 3458 735 3524 τὴν
754 3456 922 3535 ίσημερίαν,·
940 3445 1047 3524 Επειδὴ
1064 3457 1153 3530 μέσος
1170 3461 1229 3513 τῶν
1245 3457 1339 3513 πέντε
1359 3452 1473 3514 κύκλων
1489 3454 1573 3514 οὗτός
1592 3454 1701 3513 mmo

433 3555 554 3626 κύκλος,
566 3561 613 3617 καί
626 3561 661 3616 τό
674 3560 842 3633 μεσώτατον
857 3560 919 3638 ἔχει
931 3565 983 3617 τοῦ
999 3561 1136 3639 ούρανοῦ,
1149 3555 1194 3615 διὰ
1206 3565 1292 3617 τοῦτο
1307 3561 1346 3617 ὡς
1359 3561 1482 3639 πρόςτὰ
1497 3555 1599 3640 βόρεια
1615 3561 1699 3636 μέγε-

433 3662 482 3720 θος
496 3664 542 3720 καί
554 3663 602 3719 ἐπί
615 3664 652 3720 τό
663 3663 743 3720 νότια
755 3662 819 3720 ίσου
834 3663 912 3741 έχων
926 3665 960 3720 τό
973 3660 1113 3737 διέσίημα
1126 3663 1193 3731 ίσην
1207 3669 1295 3731 ποιεῖ
1302 3665 1357 3732 τήν
1368 3681 1402 3718 τε
1417 3662 1504 3720 νύκτα
1519 3663 1566 3720 καί
1579 3663 1698 3742 ἡμέραν.

474 3756 498 3821 0
514 3760 545 3821 δὲ
557 3767 695 3844 τέταρτος
706 3762 813 3823 κύκλος
826 3768 991 3843 χειμερινὸς
1001 3766 1153 3844 τροπικός·
1169 3765 1268 3839 τέμνει
1282 3766 1340 3844 γὰρ
1356 3764 1447 3839 μέσον
1459 3766 1512 3821 τόν
1524 3765 1699 3845 Αίγόκερωυ.

473 3858 541 3925 Οδὲ
553 3866 689 3942 πέμπίος
700 3864 807 3926 κύκλος
820 3871 837 3926 ό
850 3864 1028 3944 καλούμενος
1046 3868 1243 3948 ἀνταρκτικός·
1266 3868 1393 3924 έυαντίος
1411 3867 1468 3945 γὰρ
1487 3874 1523 3943 τῇ
1544 3868 1636 3928 θέσει
1653 3869 1700 3924 καί

431 3972 579 4027 κατέναντι
592 3976 645 4027 τοῦ
660 3973 804 4050 ἀρκτικοῦ.
820 3961 880 4029 ὁδ’
895 3972 979 4028 αύτός
992 3972 1038 4028 καί
1050 3971 1157 4028 νότιος·
1179 3968 1240 4026 έσΊι
1255 3971 1313 4049 γὰρ
1325 3969 1372 4026 καί
1386 3971 1459 4047 περί
1472 3970 1509 4026 τὰ
1525 3971 1612 4027 νότια.
1628 3961 1653 4026 O
1668 3965 1699 4026 δέ

432 4075 464 4130 έν
480 4080 541 4130 τοῖς
552 4075 656 4131 νοτίοις
670 4075 790 4153 ούρανός
804 4076 856 4131 ούκ
871 4072 933 4131 έσίι
947 4080 1008 4131 τοῖς
1024 4073 1183 4153 ἀνθρώποις
1196 4074 1323 4138 θεατός,
1336 4067 1402 4128 ἀλλ’
1413 4073 1429 4128 ό
1442 4067 1571 4150 βόρειος·
1585 4072 1632 4128 καί
1641 4072 1700 4150 γὰρ

431 4177 464 4232 έν
477 4184 513 4252 τι]
525 4183 577 4244 τῆς
587 4178 711 4255 σφαίρας
720 4179 813 4238 θέσει
831 4179 941 4252 α’φανιίς
956 4176 1045 4245 έσίιν,
1057 4179 1096 4235 ὠς
1109 4178 1187 4255 πρὸς
1200 4178 1255 4244 τὴν
1270 4183 1322 4242 τῆς
1336 4177 1462 4254 σφαίρας
1474 4176 1588 4254 ὀροφὴν
1598 4194 1699 4256 γνωρι-

432 4276 564 4355 ζόμευος·
579 4281 622 4337 ότι
636 4282 672 4337 τό
687 4282 743 4337 ὑπό
754 4288 811 4356 γῆν
825 4283 900 4360 μέρη
915 4279 994 4338 ἐσίίν
1006 4282 1063 4337 ὑπό
1074 4284 1125 4337 τοῦ
1140 4274 1294 4358 ὁρίζοντος.

474 4380 526 4437 Καί
538 4378 616 4438 οὗτοι
632 4382 685 4456 μέν
699 4382 774 4439 εἰσιν
785 4383 812 4437 οί
825 4378 1015 4460 παράλληλοι
1030 4377 1140 4437 κύκλοι.
1153 4374 1340 4457 Παράλληλοι
1356 4373 1387 4435 δέ
1400 4375 1536 4454 λέγονται
1548 4380 1620 4435 κατὰ
1633 4379 1698 4437 τούς

431 4484 610 4562 γεωμέτρας·
626 4481 760 4555 πλησίου
774 4487 828 4561 μέν
842 4481 989 4553 ἀλλήλων,
1006 4484 1039 4541 ού
1051 4503 1089 4559 γε
1102 4484 1159 4559 μὴν
1174 4484 1284 4540 ἑαυτῶν
1301 4478 1500 4553 έπιύαύουσιν,
1517 4478 1583 4539 ἀλλ’
1595 4479 1698 4557 όλίγου

433 4584 640 4661 ἀφεσίήκασιν.

449 4730 452 4735 ’
468 4714 507 4796 ¹9ss
515 4719 590 4783 3ἷῆ
602 4726 755 4788 ωειλ-ἄξων
765 4725 944 4784 ιρὰ-διόλου
957 4725 1022 4801 διάη
1101 4725 1202 4798 ..περὶ
1208 4720 1231 4775 α’
1241 4729 1330 4796 μοῖραν
1341 4730 1387 4776 τοῦ
1394 4729 1467 4796 κριοῦ
1478 4732 1527 4781 eod.
1536 4759 1568 4769 -
1575 4719 1638 4774 διατί
1646 4730 1696 4779 ωδ,

435 4823 473 4857 το.
484 4800 511 4852 B'
521 4814 587 4877 θερ,
597 4824 636 4876 τρ.
645 4800 673 4854 Γ’
683 4805 751 4869 ίσημ.
762 4793 791 4855 Δ’
798 4823 867 4875 χειμ.
878 4800 898 4855 ε’
910 4804 1026 4876 αὐταρκτ.
1101 4837 1134 4845 -
1146 4800 1285 4868 μεσότατου
1298 4799 1352 4870 ἔχει
1366 4807 1411 4853 τοῦ
1421 4797 1496 4854 Μ
1507 4807 1557 4856 md.
1567 4834 1600 4843 -
1610 4795 1696 4857 ἐπειδὴ

434 4882 483 4932 eod.
494 4913 527 4922 -
540 4887 581 4931 τῶι
597 4877 699 4950 βορείωι
716 4887 765 4935 cod.
775 4913 808 4922 -
821 4876 921 4939 ζωιδίων
935 4887 984 4935 ωδ.
994 4913 1028 4921 -
1101 4877 1152 4949 γὰρ
1177 4876 1261 4941 τέμνει
1285 4876 1364 4941 μέσου
1385 4876 1429 4930 τὸν
1450 4876 1591 4947 αίγοκέρων
1617 4881 1695 4930 codex.

434 4954 528 5028 &ff
540 4961 638 5023 (seilicet
651 4956 666 5006 ό
678 4956 759 5019 λλιος)
778 4962 813 5011 bin
829 4962 853 5010 in
871 4961 948 5010 codice
965 4965 1029 5025 [pout
1103 4958 1270 5033 Ειηοιιόυυ-ὶ-εη
1279 4960 1415 5022 conjectura.
1430 4987 1463 4998 -
1475 4959 1514 5010 τῆ*
1524 4958 1573 5007 end.
1581 4985 1614 4994 —
1622 4946 1698 5004 W

434 5035 506 5102 Payni
518 5037 608 5087 mm
620 5042 644 5085 et
656 5036 797 5086 Phamenoth
808 5037 918 5101 xm-
927 5036 965 5089 τῆ·
977 5036 1027 5085 σού.
1103 5035 1153 5085 md.
1162 5047 1271 5081 -αυοις
1283 5035 1417 5085 vom—rm
1430 5035 1481 5084 οοό.
