4282 6368
432 591 470 651 lb
855 587 1084 651 audouario
1106 587 1272 651 ClllTlCd

431 731 459 792 P.
473 734 524 801 13,
536 728 553 791 l.
572 752 595 790 ι.
618 729 766 813 ἁρπαγήν]
777 735 910 812 ἁρπαγήν
917 728 1010 791 codex.
1020 727 1059 790 Cl.
1072 740 1172 813 θῆρας
1182 751 1232 814 paxu
1239 730 1390 812 &mpos(p.
1402 728 1462 812 9³¹·
1476 727 1561 789 ised.
1572 730 1692 809 nostru).

535 834 551 894 Ι,
568 834 595 893 5.
620 833 682 912 ped
693 831 743 916 ἡν]
759 833 798 894 sic
807 831 899 894 codex.
915 831 1022 894 Erravit
1038 831 1148 904 Gillias,
1165 833 1213 917 qui
1228 832 1309 894 vertit
1321 833 1527 914 promontorium
1543 831 1693 913 Drepanum

661 937 786 1019 infletum
800 937 874 1018 cujus
885 957 1015 997 cacumen.
1030 936 1132 997 Sensus
1144 945 1185 997 est
1196 934 1416 1017 :promontorium
1431 933 1480 996 Dr.
1496 935 1544 1017 οη.
1553 949 1614 1016 ροιι
1626 936 1695 1017 quod

660 1054 697 1101 eet
711 1062 840 1101 cacumen.

536 1143 601 1204 ibid.
624 1142 795 1227 ἀποκλινης]
805 1141 939 1226 supplevi.
951 1143 1066 1204 Litteras
1074 1142 1173 1214 κλινης
1184 1141 1288 1226 praebet
1297 1141 1394 1213 codex,
1405 1141 1509 1226 quibus
1520 1143 1693 1226 praemittun-

661 1258 706 1307 tur
719 1247 844 1332 quinque
856 1244 897 1308 vel
911 1268 957 1308 sex
971 1246 1068 1308 litterae
1080 1246 1207 1308 confuse
1225 1245 1394 1308 Vocabulum
1404 1246 1497 1308 orruisit
1505 1246 1610 1307 Gillius.
1622 1247 1691 1308 Cum

661 1348 795 1433 adjectivo
812 1349 969 1421 ἀσοκλινης
985 1349 1077 1411 confer
1096 1348 1211 1410 verbum
1231 1348 1415 1409 ἀσοκλίνεται
1437 1350 1480 1432 (p.
1503 1349 1535 1417 ίι,
1551 1347 1568 1409 Ι.
1592 1348 1626 1408 13
1648 1347 1691 1409 ed.

660 1455 785 1533 nostrae).

536 1557 551 1616 Ι.
570 1559 597 1617 o.
622 1548 779 1638 Βουκόλος]
797 1555 835 1616 sic
849 1553 941 1615 codex.
956 1554 1070 1616 Βιιοοίοο
1085 1555 1269 1615 accusativum
1282 1555 1360 1638 pouit
1368 1553 1479 1626 Gillias,
1489 1555 1693 1637 interpretatur-

660 1680 715 1742 que
731 1682 737 1718 :
756 1658 855 1719 doceat
870 1656 1019 1719 Bubulcum.
1036 1657 1067 1718 ln
1086 1656 1266 1742 sequentibus
1278 1657 1362 1719 habet
1382 1656 1507 1718 Buculnm
1521 1680 1614 1719 errore
1633 1680 1694 1718 rriu-

659 1759 819 1843 nilesto(De
830 1759 912 1845 bosp.
924 1760 1021 1823 Thrac.
1031 1761 1068 1831 ll,
1081 1784 1117 1835 n,
1131 1784 1157 1847 p.
1172 1761 1209 1843 73
1223 1761 1266 1824 ed.
1280 1763 1379 1845 priuc.;
1394 1784 1421 1845 p.
1435 1784 1491 1825 ιιο
1504 1762 1547 1823 ed.
1557 1760 1691 1840 Elaeam).

515 1867 530 1926 Ι.
553 1890 562 1926 ι
576 1892 598 1926 ι.
623 1864 754 1948 octoas]
772 1866 811 1926 sic
825 1865 907 1926 etiam
926 1867 1005 1949 ponit
1023 1866 1121 1927 duleon
1138 1875 1164 1928 et
1181 1867 1298 1927 dubano
1317 1865 1428 1931 Gillias,
1444 1865 1493 1927 sed
1507 1866 1580 1927 idem
1595 1865 1690 1927 eodem

660 1968 719 2030 loco
734 1967 811 2029 addit
820 1982 923 2051 purtem
937 1969 1011 2030 ainus
1025 1969 1149 2030 Αυίοοοίι
1160 1970 1214 2031 siue
1230 1969 1353 2040 dulom'c,
1364 1968 1413 2030 ubi
1427 1968 1506 2031 lectio
1517 1969 1627 2030 Anionis
1642 1992 1691 2051 pro

659 2072 813 2155 conjectura
828 2071 956 2156 legentis,
971 2094 1026 2134 non
1040 2094 1091 2157 pro
1105 2072 1206 2135 codicis
1219 2074 1355 2157 scriptura
1370 2072 1495 2135 habenda
1511 2083 1559 2135 est.

536 2176 602 2236 ibid.
623 2176 727 2256 ὄνομα]
741 2175 813 2238 inter
824 2175 906 2238 verba
921 2177 1011 2256 dungo
1020 2185 1048 2238 et
1061 2176 1209 2238 Φιλίστου
1223 2177 1319 2239 Ιοουοο
1329 2196 1387 2239 asse
1398 2175 1516 2239 videtur.
1529 2175 1611 2237 Deest
1622 2176 1691 2238 forte

641 2297 643 2301 ’
663 2278 827 2340 vocabulum
835 2280 1018 2349 ἐνταῦθα,υεί
1029 2277 1103 2340 aliud
1111 2279 1254 2364 ejusmodi.
1264 2279 1361 2341 Gillias
1369 2279 1406 2339 ait
1415 2304 1421 2341 :
1430 2279 1494 2341 Post
1503 2279 1619 2340 Αιίοονα
1630 2279 1692 2340 Dio

659 2384 749 2464 nysius
762 2382 825 2443 dicit
838 2404 893 2443 esre
902 2397 1020 2464 ροοιοιι,
1035 2381 1084 2444 scd
1096 2404 1127 2444 ex
1142 2383 1185 2444 his
1199 2382 1296 2444 lacuna
1306 2381 1407 2466 expleri
1417 2403 1472 2443 nou
1484 2391 1588 2465 potest,
1602 2403 1691 2466 neque

658 2495 731 2546 certo
745 2486 929 2569 comperimus
946 2507 981 2547 an
1001 2484 1096 2547 eadem
1114 2486 1142 2546 iu
1157 2484 1250 2547 codice
1262 2484 1379 2547 Gilliano
1395 2486 1526 2547 exstiterit
1542 2508 1634 2547 necne.
1651 2485 1691 2547 De

661 2588 711 2648 bac
731 2585 854 2671 szantii
873 2586 1015 2649 obsidione
1033 2587 1126 2649 confer
1144 2587 1355 2648 Constantinum
1370 2587 1636 2672 porphyrogenitum
1652 2587 1691 2648 De

660 2691 734 2751 tbern.
751 2690 797 2753 lib.
816 2690 852 2762 ll,
867 2714 896 2776 p.
912 2692 950 2753 30
967 2713 995 2761 u,
1011 2691 1054 2753 ed.
1068 2690 1210 2753 Banduri:
1227 2695 1261 2750 οί
1276 2695 1311 2750 τὰ
1327 2696 1434 2774 πάτρια
1448 2696 1691 2773 συγγεγραφότες

661 2803 711 2853 τοῦ
730 2794 883 2865 Βυζαντίου
903 2795 997 2867 ἄλλην
1016 2799 1174 2855 ἐπιτιθέασι
1195 2799 1315 2872 μυθικὴν
1335 2797 1461 2877 ίσίορίαν
1480 2800 1524 2854 δτι
1542 2795 1689 2855 Φιλίππου

546 2932 550 2945 ι
660 2908 710 2957 τοῦ
730 2897 892 2960 Μακεδόνος
903 2903 937 2958 τὸ
950 2899 1103 2969 Βυζάντιον
1116 2898 1346 2980 πολιορκοῦντος
1348 2946 1416 2960 .....

432 3001 459 3061 l‘.
475 3003 523 3065 ιίι,
537 3002 553 3060 Ι.
568 3024 593 3060 u.
618 2999 765 3085 ἑκδύχιον)
776 3002 815 3062 sic
830 3001 913 3064 codex
927 3024 977 3087 pro
993 3003 1103 3087 vulgato
1115 3001 1273 3083 ἐκδοχεῖον.

535 3104 551 3162 l.
567 3104 594 3162 3.
619 3096 737 3187 Ᾱκτῖνα]
753 3104 791 3166 sic
805 3103 897 3166 codex.
915 3102 992 3165 Circo
1014 3106 1096 3165 locum
1111 3126 1141 3165 re
1154 3119 1179 3165 et
1194 3105 1295 3165 nornine
1313 3105 1422 3166 Actium
1441 3103 1501 3165 Gill.
1522 3104 1574 3166 Sed
1593 3111 1691 3164 ἀκτῖνα

659 3206 783 3290 suspicor
802 3228 865 3268 cum
880 3204 987 3268 Frickio
1003 3228 1062 3268 esse
1077 3206 1250 3268 sornbucetum
1265 3206 1312 3286 (ll.
1329 3212 1414 3278 ἀκτῆ,
1429 3206 1580 3275 snrnbucus,
1595 3206 1691 3290 gallice

660 3311 780 3391 ιιινοοιι).

539 3413 603 3474 ibid.
620 3413 721 3492 φύσις]
737 3414 849 3475 correxi
865 3415 945 3475 Ponit
958 3418 1046 3490 φύσιν
1060 3414 1153 3476 codex.

535 3515 551 3574 l.
571 3516 597 3575 ί.
622 3520 758 3577 Koounos
771 3516 870 3601 Κῦέοι]
886 3516 924 3578 sic
943 3516 1040 3588 codex,
1060 3519 1087 3580 in
1108 3541 1164 3602 quc
1183 3518 1377 3603 distinguenda
1398 3519 1449 3579 tria
1469 3519 1580 3579 uomina
1597 3524 1691 3578 Κάνω-

660 3640 728 3688 πος,
739 3619 839 3689 Κῦίοι,
850 3618 1000 3701 Κρηνίδες,
1012 3641 1048 3681 sc.
1061 3618 1195 3703 Canopus,
1208 3619 1287 3693 Cubi,
1301 3621 1403 3682 Fontes.
1413 3619 1499 3682 Vertit
1513 3622 1610 3683 Gillius
1626 3622 1692 3683 Cubi

661 3721 775 3805 Canopi,
795 3722 910 3807 perinde
928 3744 960 3785 ac
979 3724 1001 3785 si
1022 3723 1132 3808 legisset
1153 3731 1300 3786 Κανώπου.
1321 3723 1402 3786 Forte
1421 3725 1536 3787 credidit
1555 3731 1691 3786 Κάνωπος

660 3848 719 3888 esse
733 3827 845 3911 genitivi
860 3826 986 3888 formam.
1002 3828 1046 3889 Sic
1060 3828 1142 3889 etiam
1158 3828 1227 3889 inira
1243 3828 1334 3911 posuit
1350 3827 1451 3910 Canopi
1463 3851 1553 3890 norum
1567 3830 1692 3889 invenito

659 3930 842 4000 silentiumne,
860 3941 921 4000 etc,
938 3930 987 3992 ubi
999 3941 1103 3992 vertere
1117 3929 1235 3992 debebat
1254 3930 1382 4013 Canopus.
1403 3932 1503 3994 Scribit
1522 3933 1604 3994 etiam
1621 3934 1690 3994 inlra

660 4033 740 4093 cubus
756 4032 855 4116 Canopi
868 4033 926 4114 (ed.
941 4035 1029 4118 princ.
1042 4056 1071 4118 p.
1087 4037 1143 4117 77)
1158 4045 1256 4117 etpost
1269 4034 1347 4095 cubos
1363 4033 1475 4116 Canopo
1493 4035 1575 4113 (ibid.
1592 4058 1619 4119 p.
1636 4039 1691 4120 79)

660 4135 707 4197 ubi
724 4137 802 4220 pouit
818 4136 917 4219 Canopi
930 4136 1097 4199 Elzeviriaua
1114 4141 1156 4221 (p.
1177 4139 1259 4222 κιρ).
1277 4137 1357 4199 Recte
1371 4138 1487 4221 conjecit
1503 4137 1668 4200 Hammerus
1684 4163 1690 4198 :

661 4239 763 4300 beiden
782 4239 914 4323 Wirseln,
928 4240 993 4302 bcim
1009 4239 1144 4324 Canopus,
1158 4242 1199 4303 bei
1212 4242 1260 4302 deu
1274 4240 1380 4316 Quollen
1396 4240 1505 4323 (Const.
1520 4264 1546 4304 u.
1564 4241 1615 4304 der
1628 4244 1693 4305 B0s-

661 4363 759 4425 porus,
776 4343 802 4413 l,
820 4344 885 4424 ίι7).
906 4343 987 4406 Recte
1006 4345 1088 4406 etiam
1103 4346 1235 4429 scriptum
1250 4354 1291 4406 est
1310 4346 1339 4406 iu
1361 4344 1463 4407 scholio
1483 4345 1519 4406 ad
1538 4348 1690 4431 marginem

660 4444 760 4507 codicis
776 4447 818 4527 (n.
834 4446 890 4528 37)
906 4470 913 4508 ι
927 4450 997 4529 Περί
1010 4456 1061 4507 τοῦ
1075 4453 1212 4508 Κανώπου
1228 4452 1274 4508 καί
1287 4450 1379 4508 xctoc
1392 4453 1439 4508 καί
1454 4449 1608 4532 Κρηνίδων.
1624 4449 1691 4511 Nam

663 4547 799 4630 Κρηνίδες
812 4560 853 4611 est
868 4571 968 4611 nomen
983 4552 1136 4635 proprium.

535 4648 551 4710 l.
569 4652 596 4710 6.
620 4649 712 4733 τινας]
733 4651 772 4712 sic
791 4650 884 4714 codex.
908 4651 995 4714 Vertit
1013 4652 1109 4715 Gillius
1126 4652 1174 4715 buc
1193 4656 1259 4715 enim
1275 4655 1391 4715 ιιοηκιιίίί
1408 4655 1590 4717 descendebant
1612 4658 1690 4740 quasi

659 4753 769 4837 legisset
781 4776 865 4814 τινες.

535 4856 551 4916 Ι.
571 4858 597 4917 8.
621 4855 745 4940 Metios]
761 4857 799 4918 sic
813 4856 906 4920 codex.
919 4857 997 4920 Cicon
1003 4859 1106 4941 fluuius
1117 4858 1178 4920 Gill.
1195 4858 1309 4921 Videtur
1320 4860 1404 4922 fuisse
1422 4861 1451 4921 iu
1471 4860 1563 4922 codice
1575 4860 1691 4922 Gilliano

660 4966 778 5021 Κείσων.
795 4961 898 5023 Nomen
917 4962 1035 5032 Μείζων,
1052 4984 1135 5046 quem
1151 4962 1274 5045 praebent
1290 4963 1458 5025 membranae
1472 4975 1585 5032 nostrae,
1603 4975 1691 5047 potest
