4282 6368
435 627 496 665 ιιιι·
727 600 1022 666 conmentario
1045 601 1405 665 PALAEOGlthHlCA.

437 747 463 808 Ρ.
479 748 524 813 15,
548 747 564 806 Ι.
586 747 631 807 ι3.
655 743 800 828 συναφής]
816 744 962 827 Syorrrplror
976 743 1018 805 Gb
1032 746 1095 829 (qui
1111 743 1225 806 credidit
1237 765 1295 806 esse
1307 766 1408 805 nomen
1423 746 1593 829 proprium).

436 850 464 910 Ρ.
485 849 531 915 ι6,
548 849 565 910 Ι.
602 873 631 932 7.
655 848 781 932 ἄσωτος]
798 849 942 908 luroriorir
956 847 998 908 Gb
1014 847 1106 930 (quasi
1122 848 1231 931 legisset
1245 850 1391 929 ἀσώτοις).

436 955 464 1014 Ρ.
485 977 531 1036 ιι),
547 953 564 1013 l.
602 955 631 1014 5.
653 952 767 1036 rpryrol]
783 953 834 1012 nio
848 951 890 1013 Gb
904 951 998 1036 (quasi
1013 952 1121 1036 legisset
1136 954 1251 1034 τρίτοι).

436 1057 464 1117 l’.
483 1079 531 1119 ao.
548 1058 565 1118 l.
604 1058 632 1117 5.
655 1056 774 1139 Λευκία]
790 1056 914 1117 Lotindeo
930 1054 982 1117 Gb.

457 1159 525 1220 lbid.
549 1158 566 1219 l.
588 1181 632 1219 ra.
656 1157 771 1241 Badias]
786 1157 870 1219 semel
886 1157 993 1239 Byllior
1008 1157 1058 1218 Gb.

457 1262 524 1323 lbid.
549 1261 565 1322 l.
587 1262 632 1322 ιθ.
656 1260 745 1345 Bina]
761 1260 846 1321 Bacca
860 1259 911 1322 Gb.

403 1394 406 1398 ³
436 1368 464 1427 Ι).
482 1369 530 1431 3ι.
548 1366 564 1426 l.
602 1365 631 1425 3.
655 1369 755 1426 Aterno
770 1358 896 1448 brygos]
912 1357 1080 1447 Ᾰετύρηχον
1094 1365 1146 1426 Gb.

457 1469 525 1531 lbid.
550 1469 565 1531 l.
604 1470 632 1532 8.
657 1468 831 1551 Κατάγγιον]
848 1473 1027 1548 Κατάγγειον
1042 1467 1093 1529 Gb.

436 1572 464 1633 l'.
481 1574 530 1635 34.
547 1575 564 1633 Ι.
602 1574 631 1633 3.
654 1566 796 1656 Ράχητος]
814 1572 930 1633 Clrnretr'r
945 1572 996 1633 Gb.
1015 1572 1093 1633 lloctc
1108 1583 1269 1634 correctum.

456 1674 524 1736 lbid.
548 1676 565 1735 l.
603 1675 632 1737 8.
655 1667 805 1757 llpoydpa]
822 1675 987 1756 Hermagora
1000 1674 1051 1736 Gb.

456 1778 524 1839 lbid.
547 1779 565 1838 l.
603 1802 631 1859 9.
655 1771 745 1860 ἱμέρῳ
760 1778 898 1861 ποταμῷ]
915 1778 1137 1861 terrissimojluoio
1151 1779 1194 1840 Gb
1209 1780 1302 1864 (quasi
1318 1781 1426 1864 legisset
1441 1784 1564 1864 ἡμέρῳ).

486 1978 527 2048 Ει
554 1977 602 2048 bis
627 1977 685 2049 etsi
709 1976 857 2077 quadam
887 1977 929 2049 nd
956 1978 1157 2050 temerariam
1187 1978 1304 2050 codicis
1326 1978 1622 2079 interpretationem
1647 1978 1694 2050 rel

433 2101 529 2172 etiam
550 2099 807 2173 emendationem
827 2099 994 2172 referenda
1013 2115 1104 2184 sunt,
1124 2116 1199 2173 sunt
1220 2113 1327 2172 tamen
1348 2101 1409 2172 alia
1433 2128 1505 2201 quae
1524 2128 1560 2173 ex
1580 2099 1694 2172 lectio-

434 2250 511 2294 num
540 2223 720 2295 diversitato
746 2236 814 2293 orta
838 2249 905 2294 esse
930 2222 1088 2307 videntur,
1109 2251 1137 2293 v.
1164 2250 1194 2319 g.
1218 2226 1345 2294 Αὐλεών
1368 2237 1399 2295 et
1423 2223 1552 2305 dolona,
1572 2221 1696 2305 Μείζων

432 2349 578 2433 ποταμός
600 2359 630 2416 et
656 2342 742 2415 Cison
756 2344 887 2446 florius,
909 2343 1040 2416 Συκίὸες
1061 2357 1093 2415 et
1114 2343 1254 2442 Sycodcs,
1274 2350 1389 2416 Αἱειοῦ
1405 2328 1529 2438 Ῥύγχος
1549 2357 1580 2415 et
1596 2328 1697 2416 Ᾰειό-

432 2498 543 2563 puger,
567 2451 721 2565 Ηραγόρα
745 2470 843 2565 κριίνη
868 2479 899 2538 el
912 2466 985 2567 sons
1007 2464 1204 2564 Hermagora.
1232 2465 1388 2538 Praeterea
1416 2465 1449 2536 in
1474 2465 1543 2537 loco
1564 2466 1613 2567 (p.
1638 2495 1694 2549 ιι,

434 2588 453 2657 Ι.
469 2589 528 2660 6-ι
541 2585 643 2686 ο)ιι1)ἰ
656 2586 830 2659 laudantur
847 2614 955 2658 versus
970 2587 1106 2670 oraculi,
1122 2588 1218 2659 babet
1231 2587 1296 2658 duo
1311 2586 1441 2686 quidem
1457 2614 1564 2659 versus
1582 2587 1694 2669 codor,

433 2723 495 2781 tres
510 2736 583 2781 vero
601 2708 726 2780 Gillius.
741 2709 944 2808 Epigramma
961 2724 1067 2782 autem
1086 2710 1177 2782 Bovis
1197 2709 1244 2811 (p.
1264 2708 1328 2809 36)
1347 2709 1434 2810 quod
1450 2710 1481 2781 in
1497 2723 1583 2781 textu
1599 2708 1696 2780 habet

432 2830 561 2912 Gillias,
582 2828 676 2900 codex
699 2843 806 2901 noster
833 2830 873 2901 ad
898 2830 1014 2902 calcem
1038 2831 1150 2929 rejicit.
1175 2830 1241 2903 lloo
1265 2858 1394 2931 quoqne
1414 2829 1608 2915 notandum,
1627 2857 1694 2901 anr-

432 2951 534 3022 bitum
556 2949 643 3021 urbis
663 2951 821 3049 byzantii,
841 2951 947 3051 quiin
966 2952 1073 3023 codiee
1092 2952 1219 3049 triginta
1240 2952 1384 3053 quinquo
1402 2951 1578 3024 stadiorum
1594 2950 1696 3049 (rpra-

431 3080 622 3146 κονταπέντε
640 3071 784 3172 σΊαὸίων)
801 3072 927 3157 dicitur,
947 3101 1014 3146 osse
1032 3074 1118 3174 apud
1137 3074 1267 3148 Gillium
1287 3075 1463 3146 stadiorum
1479 3075 1593 3146 circiter
1614 3103 1693 3175 pun-

431 3192 617 3294 dragr'ntnssl.
651 3198 744 3267 Gerte
774 3195 870 3267 codex
899 3223 963 3297 quo
991 3224 1067 3268 usus
1095 3210 1141 3268 est
1169 3196 1283 3268 Gillius
1313 3197 1438 3295 integer
1469 3196 1544 3280 luit,
1574 3197 1694 3297 quippe

431 3344 533 3416 quum
556 3344 592 3388 ca
616 3344 686 3416 qua.²
707 3315 739 3387 in
760 3316 867 3389 codice
887 3331 995 3389 nostro
1011 3319 1137 3416 jactura
1154 3332 1190 3390 ut
1206 3318 1332 3391 videtur
1354 3318 1419 3389 solii
1440 3318 1536 3390 nnius
1559 3318 1694 3390 interic-

433 3436 544 3510 runtl²l
564 3438 662 3510 latine
681 3439 818 3510 verterit.

483 3560 608 3644 Quibus
626 3573 745 3632 attente
764 3561 946 3661 perpensis,
967 3590 1030 3633 non
1048 3563 1151 3634 ausim
1170 3562 1329 3634 allirmare
1348 3560 1552 3634 membranas
1571 3575 1694 3633 nostras

432 3684 558 3756 easdem
586 3709 653 3754 esse
679 3709 759 3782 quas
788 3684 929 3755 tractavit
953 3684 1082 3768 Gillias,
1109 3685 1173 3755 imo
1203 3683 1392 3756 crediderim
1425 3683 1557 3756 Gillium
1586 3684 1694 3756 codice

432 3804 572 3904 quodam
589 3832 681 3876 usum
700 3804 799 3876 luisse
815 3805 871 3905 qui
888 3805 929 3877 ad
943 3805 1074 3877 alteram
1093 3805 1249 3877 laruiliam
1261 3805 1415 3905 pertinet,
1431 3804 1472 3876 ad
1490 3833 1561 3877 cam
1575 3805 1694 3877 scilicet

432 3928 517 3998 undo
536 3925 701 3999 Palatinus
721 3925 868 4007 dcllurit,
892 3954 928 3998 oe
951 3927 1082 4000 lortasso
1102 3927 1140 3998 iis
1158 3927 1234 4028 ipsis
1250 3926 1335 3997 loliis
1352 3926 1604 4000 membranaceis
1621 3956 1692 4027 quae

432 4047 526 4120 bodie
546 4048 636 4120 initio
656 4047 772 4119 codicis
790 4048 927 4120 Palatini
946 4047 1179 4121 desiderantur.

938 4395 1095 4467 CAPUT
1128 4396 1187 4467 lx.

649 4591 932 4646 TESTIMONIA
958 4592 1161 4646 VETERL'M
1186 4590 1478 4646 SCRIPTORUll

797 4716 837 4763 DE
858 4715 1008 4765 DtONTSIO
1028 4717 1137 4765 runem
1157 4715 1321 4765 AUCTORE.

482 4865 550 4935 lam
571 4864 735 4935 veniamus
757 4863 796 4934 ad
815 4864 997 4936 testimonia
1018 4877 1158 4936 veterum
1177 4865 1216 4937 de
1237 4865 1398 4964 Bosporici
1416 4864 1530 4965 llnapli
1549 4875 1690 4934 auctore.

469 5022 492 5064 (Ι)
515 5022 574 5078 l'idc
587 5023 662 5085 intra.
677 5042 732 5097 pag.
746 5024 774 5087 t,
788 5022 804 5076 Ι.
819 5041 849 5077 ιο
861 5031 885 5078 et
897 5032 993 5079 not.-
1004 5022 1030 5065 (²)
1053 5023 1112 5078 lide
1123 5025 1235 5079 lacunam
1246 5023 1323 5085 intra,
1337 5043 1393 5098 pag.
1409 5026 1497 5080 aldo.
